3103 3955
1684 260 1723 305 21

492 414 571 457 est
607 413 657 457 et
693 406 819 457 alibi.
894 407 1161 456 Praeterea
1196 403 1321 454 satis
1359 403 1451 454 erit
1488 403 1770 454 nominasse
1809 402 2161 460 Buttmannum,
2208 403 2285 466 qui
2322 421 2364 451 v.
2404 420 2446 453 c.
2485 407 2661 473 primus
2710 407 2884 454 obser-

489 496 621 546 vavit
650 498 898 561 χραισμεῖν
932 495 981 545 in
1018 494 1172 546 lliade
1209 493 1499 545 undevicies
1536 494 1662 559 legi,
1699 493 1746 542 in
1784 490 2019 557 Odyssea
2055 509 2285 557 nusquam
2339 495 2532 555 (Lexil.
2573 496 2606 545 Ι.
2644 498 2725 557 S),
2770 498 2882 546 item

491 587 631 643 ἑανός
666 586 803 636 lliadi
839 586 1088 653 peculiare
1127 603 1249 637 esse
1287 586 1369 648 (ll.
1408 586 1484 647 9.)
1506 584 1580 646 ³3).
1988 591 1992 594 ’

629 676 868 743 Equidem
907 678 1018 727 mibi
1055 678 1149 729 hoc
1185 678 1298 727 loco
1336 676 1542 743 priorem
1579 674 1721 740 hujus
1760 672 2061 738 quaestionis
2098 680 2280 739 partem
2317 676 2615 726 tractandam
2652 679 2883 743 proposui

494 784 617 832 quae
671 772 751 817 est
805 766 869 819 de
924 767 1179 819 vocabulis
1216 765 1492 816 Homericis
1537 765 1596 814 ab
1633 765 1864 814 alterutro
1911 763 2118 814 carmine
2163 766 2516 818 exsulantibus.
2589 768 2694 828 Qua
2729 767 2792 817 de
2829 783 2882 817 re

497 875 633 921 quum
671 863 811 907 recte
840 856 1054 923 judicari
1090 862 1302 921 nequeat
1337 855 1430 905 nisi
1468 855 1688 904 omnibus
1725 854 1967 921 exemplis
2012 854 2267 916 collectis,
2303 870 2486 921 operae
2532 858 2730 924 pretium
2767 856 2882 906 duxi

491 963 518 995 e
568 948 747 997 Seberi
791 947 953 997 indice
991 946 1250 996 Homerico
1288 945 1446 995 omnia
1481 943 1545 994 ad
1579 960 1718 995 unum
1754 944 1995 995 vocabula
2029 960 2302 1011 excerpere
2339 962 2463 1011 quae
2498 947 2545 997 in
2582 949 2735 999 altero
2772 964 2882 997 car-

495 1038 620 1087 mine
673 1038 944 1104 frequentia
997 1042 1124 1099 sunt,
1176 1036 1223 1084 in
1279 1036 1434 1085 altero
1470 1042 1552 1086 aut
1604 1050 1851 1100 numquam
1896 1035 2197 1085 inveniuntur
2241 1042 2322 1084 aut
2364 1036 2412 1088 in
2450 1038 2674 1088 versibus
2710 1047 2878 1105 aperte

495 1127 742 1176 translatis
779 1127 859 1177 vel
895 1126 1073 1194 spuriis
1109 1133 1190 1176 aut
1226 1125 1492 1179 rarissime.
1564 1125 1772 1184 Quorum
1814 1133 1970 1175 autem
2004 1126 2052 1174 in
2090 1124 2243 1174 lliade
2272 1142 2430 1191 pauca
2456 1134 2639 1178 tantum
2658 1129 2881 1195 exempla

494 1224 603 1266 sunt
637 1216 683 1265 in
722 1215 960 1283 Odyssea
995 1217 1126 1268 nulla
1161 1225 1211 1268 et
1247 1223 1393 1278 reti-0,
1431 1234 1492 1267 ea
1529 1216 1806 1283 plerumque
1844 1224 2048 1268 enotare
2084 1216 2361 1282 supersedi,
2397 1219 2617 1282 quoniam
2644 1219 2881 1284 ejusmodi

494 1306 797 1358 differentiae
835 1306 1169 1375 explicatione
1207 1327 1300 1358 non
1337 1307 1572 1373 indigent.
1650 1307 1704 1356 ln
1750 1308 2081 1375 exemplorum
2125 1307 2663 1374 summis·colligendis
2708 1310 2881 1359 sedulo

492 1413 688 1464 operam
725 1396 840 1448 dedi
876 1414 938 1448 ne
975 1398 1219 1449 erroribus
1255 1399 1543 1466 implicarer,
1580 1416 1857 1465 quamquam
1894 1399 2064 1465 opinor
2099 1397 2416 1448 excusandus
2442 1415 2528 1449 ero
2557 1400 2601 1450 si
2636 1399 2682 1449 in
2716 1400 2881 1450 labore

492 1488 644 1538 taedii
691 1489 837 1555 pleno
881 1507 976 1537 non
1015 1490 1172 1539 omnia
1218 1498 1429 1555 peccata
1464 1490 1697 1539 vitavero.
1771 1489 2003 1540 Ceterum
2039 1490 2085 1537 in
2123 1489 2214 1538 hac
2251 1504 2304 1539 re
2340 1490 2572 1539 rationem
2591 1506 2746 1556 saepe
2769 1506 2882 1539 con-

492 1585 626 1628 stare
677 1595 772 1628 non
828 1595 981 1645 posse
1033 1579 1083 1627 in
1135 1586 1307 1646 aperto
1360 1586 1465 1639 est,
1519 1596 1657 1645 quum
1695 1580 1911 1630 Seberus
1954 1580 2183 1646 plurimos
2237 1579 2378 1630 locos
2418 1580 2708 1630 Homericos
2744 1580 2882 1629 aliter

491 1668 673 1733 legerit
707 1684 769 1719 ac
804 1686 897 1719 nos
934 1669 1096 1719 hodie.
1166 1669 1236 1719 Et
1272 1677 1351 1719 est
1387 1669 1466 1720 ubi
1501 1670 1546 1720 in
1586 1670 1776 1721 calculo
1813 1669 2135 1722 subducendo
2155 1670 2384 1738 lectionis
2405 1677 2615 1720 mutatae
2651 1671 2881 1719 rationem

486 1759 753 1822 habuerim,
788 1766 998 1810 attamen
1035 1759 1085 1808 id
1122 1767 1173 1810 et
1209 1777 1318 1810 raro
1358 1761 1535 1812 factum
1572 1767 1651 1812 est
1687 1777 1843 1827 neque
1881 1759 2051 1812 dedita
2085 1777 2246 1826 opera.
2319 1760 2426 1812 Sed
2464 1761 2629 1826 quiex
2658 1778 2720 1811 eo
2749 1761 2880 1809 fonte

490 1849 538 1897 in
573 1849 791 1900 rationes
826 1867 963 1901 meas
999 1852 1287 1902 necessario
1323 1852 1563 1902 fluxerunt
1599 1868 1810 1913 errores,
1845 1851 1878 1900 ii
1906 1852 2080 1902 nullam
2116 1852 2162 1901 in
2193 1852 2357 1902 haere
2379 1857 2662 1901 momentum
2689 1851 2881 1900 faciunt.

492 1938 726 1989 Nimirum
762 1947 914 1991 utrum
949 1941 1110 2007 aliqua
1144 1959 1245 1991 vox
1279 1943 1326 1991 in
1379 1943 1535 1992 altero
1590 1942 1801 1993 carmine
1851 1942 2024 1993 tricies
2076 1943 2266 2005 legatur
2300 1959 2360 1991 an
2405 1941 2575 1991 tricies
2611 1942 2765 1990 semel
2802 1942 2879 1989 tri-

496 2030 669 2079 ciesve
708 2030 801 2093 bis,
836 2048 961 2096 quae
996 2033 1044 2081 in
1080 2033 1239 2083 altero
1275 2039 1358 2082 aut
1393 2051 1487 2082 uno
1524 2033 1637 2082 loco
1674 2032 1854 2097 legitur
1888 2041 1972 2082 aut
2006 2034 2153 2093 nullu,
2190 2033 2303 2081 nihil
2339 2032 2507 2081 refert.

631 2119 763 2181 Quot
796 2121 924 2172 locis
959 2123 1203 2175 vocabula
1237 2123 1284 2172 in
1323 2129 1525 2188 utroque
1562 2123 1773 2173 carmine
1806 2121 2135 2183 inveniantur,
2182 2123 2369 2173 duobus
2413 2121 2622 2171 numeris
2657 2121 2879 2170 indicabo

494 2211 682 2260 minima
718 2211 1032 2264 distinctione
1070 2214 1302 2276 secretiS‚
1339 2230 1532 2280 quorum
1569 2213 1700 2280 prior
1735 2214 1962 2281 exempla
1999 2213 2166 2264 lliadis
2202 2214 2402 2274 notabit,
2437 2211 2683 2279 posterior
2718 2210 2879 2277 Odys-

496 2318 630 2351 seae.
704 2303 853 2353 Velut
905 2304 1207 2370 ἀγακλεής
1241 2306 1289 2366 5,
1325 2306 1359 2354 0
1413 2304 1708 2370 significabit
1759 2304 1884 2355 hauc
1937 2320 2109 2355 vocem
2163 2304 2416 2371 quinquies
2470 2303 2519 2353 in
2568 2300 2718 2353 lliade
2781 2302 2880 2367 legi

496 2410 740 2459 numquam
775 2395 821 2445 in
859 2395 1112 2462 Odyssea,
1150 2398 1328 2459 ἁγνός
1360 2397 1458 2456 0,5
1495 2396 1749 2462 quinquies
1783 2396 1833 2445 in·
1852 2395 2090 2462 Odyssea
2126 2413 2369 2461 numquam
2404 2396 2450 2444 in
2481 2393 2648 2454 lliade,
2680 2393 2880 2456 αἰχμη-

498 2485 601 2546 τής
632 2485 713 2547 24,
747 2488 781 2535 4
815 2487 974 2537 vicies
1011 2494 1181 2552 quater
1214 2487 1261 2535 in
1298 2485 1454 2537 Iliade
1492 2492 1661 2551 quater
1695 2486 1742 2535 in
1780 2485 2034 2552 Odyssea,
2071 2493 2121 2535 et
2155 2485 2230 2535 sic
2267 2503 2423 2551 porro.

634 2573 764 2634 Quid
798 2575 889 2626 hac
928 2584 1029 2626 tota
1064 2577 1373 2643 inquisitione
1409 2584 1614 2643 peracta
1649 2577 1903 2637 efficiatur,
1940 2576 2099 2626 statim
2136 2575 2306 2626 dicam.
2375 2575 2598 2627 Efficitur
2619 2573 2758 2631 enim,
2793 2573 2881 2621 has

504 2660 859 2732 discrepantias
897 2668 1020 2717 inter
1058 2668 1316 2718 dictionem
1356 2669 1604 2732 utriusque
1625 2668 1851 2719 carminis
1872 2668 2020 2731 longe
2042 2667 2289 2717 maximam
2311 2673 2499 2734 partein
2522 2667 2581 2714 ab
2618 2665 2879 2728 argumenti

615 2900 667 2956 ⁹⁵)
701 2897 827 2952 Quod
852 2904 989 2947 attulit
1022 2903 1306 2948 Hoffmannus
1336 2904 1378 2947 in
1409 2908 1537 2961 praef.
1570 2902 1744 2957 Quaest.
1776 2902 1904 2945 Hom.
1937 2917 1978 2958 p.
2010 2905 2073 2946 27.
2110 2905 2227 2961 φάεα
2259 2904 2310 2945 de
2340 2903 2473 2946 oculis
2502 2916 2583 2943 non
2619 2899 2702 2940 dici
2731 2899 2810 2940 nisi
2841 2900 2880 2939 in

504 2978 706 3036 Odyssea
735 2979 776 3021 id
807 2979 1014 3027 levidense
1045 2992 1122 3037 est,
1153 3000 1252 3028 nam
1291 2985 1381 3040 ejus
1424 2999 1526 3028 usus
1572 2999 1653 3027 non
1698 2981 1879 3039 amplius
1924 2983 2002 3025 tria
2045 2983 2235 3041 exempla
2280 2984 2560 3027 inveniuntur.
2632 2978 2882 3022 Rectissime

499 3069 645 3104 autem
677 3058 809 3104 schol.
841 3061 958 3107 Harl.
991 3086 1003 3111 ι
1036 3069 1110 3112 48:
1143 3068 1268 3124 ἕπιση
1298 3064 1524 3120 μαίνονται
1555 3065 1604 3110 δὲ
1629 3061 1780 3108 Ἰλιάδι
1812 3062 1984 3121 γείτονα
2012 3065 2072 3121 μὴ
2105 3062 2368 3119 ὠνομάσθαι
2400 3065 2443 3109 ἐν
2475 3064 2522 3108 δὲ
2546 3060 2779 3120 Ὀδυσσείᾳ
2810 3064 2882 3102 νῦν

509 3159 548 3185 ιε
580 3139 702 3187 xant
731 3137 795 3194 ὣς
827 3141 870 3186 οἱ
900 3144 991 3197 μὲν
1019 3146 1266 3192 δαίνυντο
1331 3170 1380 3177 -
1412 3144 1654 3203 γείτονες
1682 3140 1776 3202 ἠδὲ
1807 3143 1923 3187 ἔται
1956 3143 2266 3188 Μενελάου.
2300 3143 2424 3197 ἴσως
2463 3144 2519 3197 δὲ
2559 3140 2684 3187 οὐδὲ
2715 3141 2882 3196 ἐπῆλ-

508 3229 600 3277 θες-ι’
633 3221 777 3279 αὐτῷ
808 3223 963 3279 χρεία
995 3223 1045 3266 ἒν
1068 3223 1256 3279 'Ii-«oid,
1289 3226 1524 3270 ἐνταῦθα
1556 3225 1611 3268 δὲ
1641 3224 1900 3281 περιέστη
1933 3222 2134 3281 καιρός.
