3162 3943
1476 243 1546 313 “a

302 407 482 444 versus
518 407 586 445 ex
607 388 775 445 ,lliade
808 388 1195 449 desunmnfest,
1250 403 1276 435 τ
1308 386 1406 437 453
1450 386 1636 448 ἀντικρύ
1669 387 1730 435 δὲ
1763 389 1925 452 διῆλθε
1977 390 2143 454 φαεινὴ
2203 390 2376 452 δουρὸς
2415 391 2575 454 ἀκωκή
2629 408 2695 440 ex

303 484 339 531 Λ
372 483 487 542 253,
515 499 553 547 χ
592 483 653 532 16
687 479 873 543 ἀντικρὺ
906 478 948 528 δ’
983 481 1180 528 ἁπαλοῖο
1213 476 1271 526 δι’
1307 477 1508 540 αὐχένος
1538 477 1669 540 ἤλυθ’
1703 477 1866 541 ἀκωκή
1902 493 1968 526 ex
2005 480 2043 526 P
2071 480 2150 529 49.

435 573 547 622 His
584 570 761 621 etiam
799 571 1037 620 rariora
1086 570 1143 620 iu
1197 566 1499 633 Odyssea
1553 575 1689 616 sunt
1740 568 2050 617 vocabula
2101 586 2384 620 armorum
2440 587 2584 637 quae
2622 571 2691 620 ad

305 658 959 732 corpuesssmuniendum
1010 659 1356 717 induuntur,
1415 675 1520 708 uam
1574 666 1771 726 praeter
1817 662 2219 725 μνηστηροφονίαν
2269 663 2346 713 his
2400 661 2692 729 usurpandis

306 756 449 806 locus
483 728 591 805 fere
626 754 787 803 nullus
822 760 918 816 est,
953 750 1181 818 exeeptis
1216 750 1278 799 iis
1314 765 1437 815 quae
1471 749 1533 799 ad
1570 750 1844 800 indumenta
1880 750 2153 802 domestica
2172 753 2420 803 transferri
2464 738 2676 820 possunt

309 848 459 896 Velut
493 846 701 910 κνημίς
732 845 808 906 (7,
852 846 904 901 Ι)
959 859 1020 892 eo
1057 857 1208 891 sensu
1247 838 1415 890 dictum
1454 848 1504 889 ut
1539 841 1607 890 sit‘
1639 840 1828 889 militum
1867 856 2016 890 ocrea
2051 857 2145 891 uon
2183 849 2262 892 est
2305 843 2399 892 nisi
2433 844 2479 892 in
2519 843 2687 904 Iliade,

305 935 398 986 sed
433 937 480 985 iu
517 935 763 1000 odyssea*
791 932 984 997 caligas
1021 930 1236 980 rusticas
1271 928 1517 995 significat
1551 945 1676 998 quae
1710 930 1852 980 tibias
1888 948 1914 978 a
1952 930 2195 997 spinarum
2231 933 2480 998 puncturis
2510 933 2685 984 desen-

307 1026 424 1076 dnnt
456 1044 497 1074 ω
530 1025 644 1077 228.
712 1024 957 1088 Ζωστήρ
993 1023 1105 1084 (16,
1147 1023 1195 1082 l)
1248 1021 1293 1069 in
1332 1019 1487 1069 lliade
1521 1020 1695 1085 ubique
1744 1020 1974 1071 vinculum
2021 1028 2102 1071 est
2145 1023 2272 1088 quod
2322 1023 2518 1074 loricam
2565 1041 2685 1074 con-

307 1117 516 1182 stringit,
550 1115 600 1165 in
626 1112 864 1179 Odyssea
900 1112 1140 1177 cingulum
1179 1127 1272 1175 quo
1292 1111 1455 1159 tunica
1481 1109 1673 1177 corpori
1708 1110 1975 1178 adaptatur,
2013 1115 2261 1177 ζῶσι-ρον
2295 1114 2431 1171 ἅπαξ
2445 1114 2688 1181 εἰρημένον

307 1214 386 1257 est
418 1209 454 1261 ζ
477 1208 542 1257 38
595 1206 778 1266 ζῶστρά
813 1222 865 1251 τε
899 1205 976 1250 καὶ
1010 1204 1218 1257 πέπλους
1247 1203 1325 1249 καὶ
1352 1206 1510 1268 ῥήγεα
1544 1203 1829 1265 σιγαλόεντα.
1877 1204 1953 1254 De
1972 1204 2170 1269 reliquis
2188 1211 2458 1256 armaturae
2477 1204 2693 1272 partibus

306 1306 358 1347 et
390 1299 656 1364 galeaeet
691 1303 835 1345 scuta
868 1296 916 1344 iu
954 1293 1192 1361 Odyssea
1225 1293 1490 1360 aliquoties
1545 1301 1884 1355 memorantur,
1936 1295 2141 1344 maxime
2194 1294 2240 1344 in
2285 1294 2406 1345 libro
2451 1295 2687 1346 vicesimo

305 1389 475 1450 altero,
512 1387 605 1437 sed
624 1388 812 1436 loricae
841 1402 902 1436 ne
922 1385 1003 1436 hic
1025 1383 1214 1450 quidem
1228 1400 1363 1449 quum
1382 1382 1518 1451 proci
1537 1382 1682 1433 armis
1706 1383 1863 1433 subito
1883 1384 2122 1451 correptis
2140 1402 2199 1435 se
2233 1386 2358 1435 tuen·
2385 1387 2548 1435 eoacti
2575 1388 2689 1435 sint.

302 1477 443 1529 Unde
476 1479 679 1544 θώρηξ
726 1477 932 1540 (35,-0)
989 1482 1041 1526 et
1090 1476 1417 1540 θωρηκτής
1464 1477 1532 1535 (5,
1566 1476 1624 1533 0,
1671 1473 1797 1539 quod
1852 1493 1944 1525 uuo
1997 1476 2109 1525 loco
2162 1494 2195 1539 φ
2236 1477 2336 1526 429
2354 1477 2413 1537 ⁴⁹¹)
2467 1479 2684 1544 excepto

305 1568 479 1634 ubique
497 1568 732 1635 genetivo
768 1566 938 1634 plurali
968 1565 1200 1633 positum)
1237 1566 1298 1615 ab
1334 1555 1573 1629 Odyssea
1608 1565 1858 1626 exsulant3
1894 1566 1985 1615 sed
2022 1568 2316 1630 θωρήσσω
2352 1568 2462 1628 (39,
2499 1570 2554 1626 3)
2608 1577 2681 1616 ter

303 1657 564 1709 admissum
600 1664 696 1721 est,
732 1673 839 1708 eum
875 1673 996 1707 casu
1030 1662 1127 1706 tum
1162 1656 1272 1722 quia
1306 1659 1416 1722 ejus
1453 1671 1634 1705 sensus
1651 1655 1812 1721 paullo
1832 1656 1974 1706 latius
1992 1663 2139 1723 patet.
2212 1656 2370 1707 Etiam
2417 1658 2683 1718 κορύσσω

308 1754 359 1797 et
391 1749 831 1811 κεκορυθμένος
862 1749 973 1807 (21,
1009 1749 1068 1810 3)
1105 1747 1163 1796 in·
1188 1745 1425 1812 Odyssea
1461 1761 1586 1804 raro,
1622 1748 1910 1810 κορυστής
1956 1748 2026 1809 (5,
2060 1748 2113 1807 0)
2168 1753 2218 1796 et
2252 1746 2442 1796 nomina
2476 1763 2581 1796 cum
2619 1763 2681 1797 eo

305 1838 576 1906 composita
627 1839 1065 1902 ἱπποκορυστής
1115 1838 1198 1899 (5,
1245 1839 1306 1897 0)
1363 1836 1854 1901 χαλκοκορυστής
1901 1842 1982 1900 (9,
2024 1840 2082 1897 0)
2134 1855 2381 1904 numquam
2440 1838 2680 1904 leguntur.

305 1929 560 1980 Vocabula
595 1929 765 1996 quibus
807 1929 974 1980 variae
1024 1929 1272 1995 galearum
1327 1937 1379 1977 et
1422 1927 1669 1978 cassidum
1697 1930 1896 1994 species
1932 1930 2286 1995 distinguuntur
2302 1936 2500 1996 praeter
2524 1930 2681 1992 ἅπ.εῑρ

301 2022 581 2075 καταῖτυξ
609 2021 659 2070 K
684 2021 784 2073 258
820 2021 977 2071 omnia
1012 2018 1247 2086 Odyssea
1282 2018 1429 2069 habet
1481 2036 1757 2085 quamquam
1784 2021 1925 2069 multo
1960 2021 2111 2070 rarius
2158 2037 2294 2086 quam
2324 2021 2463 2070 llias:
2506 2022 2682 2086 κυνέη

310 2113 387 2169 19,
440 2112 474 2160 8
524 2113 716 2178 πήληξ
762 2112 811 2175 9,
853 2114 874 2160 l
928 2112 1105 2175 κόρυς
1150 2112 1232 2172 36,
1275 2114 1308 2160 2
1360 2112 1690 2174 τρυφάλεια
1735 2112 1821 2171 14,
1859 2112 1900 2160 l.
2004 2110 2112 2161 Sed
2162 2110 2340 2160 frustra
2393 2119 2683 2175 quaeruntur

308 2201 524 2267 epitheta
558 2202 816 2258 αὐλῶπις
852 2204 900 2262 4,
943 2205 977 2252 0
1028 2201 1361 2263 ἱππόκομος
1390 2201 1445 2262 5,
1479 2202 1539 2260 03
1594 2199 1720 2266 quod
1774 2206 1929 2250 autem
1983 2201 2254 2262 ἵππουρις
2301 2201 2376 2262 (6,
2426 2203 2473 2264 Ι)
2525 2203 2680 2251 semel

305 2290 484 2356 legitur
512 2293 674 2355 2124,
707 2291 759 2341 id
795 2292 969 2341 nullius
1002 2291 1227 2342 momenti
1263 2297 1357 2352 est,
1392 2307 1498 2341 nam
1519 2306 1695 2340 versus
1730 2290 1940 2353 ἵππουριν
1984 2292 2135 2339 δεινὸν
2168 2292 2226 2339 δὲ
2265 2292 2408 2354 λόφος
2438 2293 2679 2353 καθύπερ-

309 2384 392 2429 θεν
426 2379 588 2431 ἔνευεν
630 2397 736 2432 cum
769 2380 1179 2449 praecedentibus
1216 2388 1265 2430 et
1299 2381 1526 2446 sequenti
1562 2397 1628 2430 ex
1667 2381 1817 2430 lliade
1853 2381 2127 2448 depromtus
2163 2389 2258 2441 est,
2312 2381 2391 2430 ubi
2427 2377 2678 2447 quinquies

308 2470 448 2521 redit.
515 2471 632 2523 Nec
665 2473 852 2536 φάλος
881 2473 948 2534 (7,
983 2474 1035 2534 0)
1084 2472 1131 2522 in
1168 2470 1405 2537 Odyssea
1437 2470 1702 2535 iuvenitur3
1745 2473 1921 2535 λόφος
1967 2475 2065 2533 (12,
2118 2474 2174 2531 3)
2227 2471 2381 2521 crista
2415 2472 2593 2537 galeae
2629 2473 2677 2521 in

308 2559 459 2612 Iliade
496 2560 669 2613 decies
705 2570 801 2625 est,
834 2563 882 2612 in
919 2562 1155 2629 Odyssea
1187 2568 1383 2629 praeter
1417 2578 1610 2612 versum
1647 2562 1788 2613 modo
1823 2563 2012 2612 allatum
2042 2579 2076 2625 χ
2118 2564 2212 2613 124
2245 2579 2515 2627 numquam
2561 2562 2681 2612 reli-

310 2651 416 2717 quis
467 2650 655 2704 duobus
706 2653 834 2706 locis
884 2652 1053 2704 iliadis
1097 2658 1149 2705 et
1199 2667 1294 2704 uuo
1346 2651 1614 2720 Odysseae
1668 2652 1840 2704 collem
1892 2652 2150 2718 significat.
2255 2654 2383 2711 Quot
2452 2655 2679 2720 exempla

306 2739 532 2794 vocabuli
565 2745 710 2803 σάκος
737 2744 951 2796 attulerit
985 2742 1207 2796 Seberus
1241 2759 1491 2795 numerare
1528 2744 1696 2810 piguit,
1729 2744 1928 2793 alterius
1963 2745 2166 2792 nominis
2201 2746 2343 2800 ἀσπίς
2372 2745 2483 2811 plus
2527 2761 2677 2796 nona-

310 2832 445 2899 ginta
489 2841 626 2885 suut:
662 2834 794 2886 illud
845 2834 894 2885 in
947 2832 1184 2900 Odyssea
1235 2833 1506 2884 duodecies
1561 2835 1657 2884 hoc
1707 2841 1783 2883 ter
1833 2835 2025 2899 legitur,
2061 2836 2310 2901 epitheton
2364 2838 2683 2902 ὀμφαλόεις·

307 2922 462 2975 semel
496 2939 523 2972 τ
553 2923 620 2975 32
654 2928 764 2989 (12,
805 2928 858 2988 13
895 2933 948 2976 et
979 2926 1251 2991 ὀμφαλός
1278 2925 1384 2976 illic
1413 2926 1618 2992 septies,
1655 2925 1735 2976 hic
1770 2926 1920 2975 semel
1958 2925 2020 2974 de
2054 2925 2321 2976 meditullio
2343 2928 2485 2977 maris
2519 2944 2550 2974 a
2579 2927 2675 2990 50)

304 3013 633 3080 ἀμφιβρότη
667 3032 915 3083 numquam
948 3017 1127 3081 (4,,0).
1214 3014 1374 3065 Etiam
1420 3016 1705 3080 ἀσπιστής
1753 3019 1891 3082 cujus
1943 3016 2177 3080 genetivo
2229 3017 2397 3085 plurali
2432 3017 2475 3066 iu
2523 3015 2680 3068 lliade

417 3212 458 3253 ’l
486 3203 585 3247 Hoc
611 3205 706 3250 loco
732 3207 807 3252 ubi
834 3207 1055 3252 Bekkeme
1082 3206 1198 3250 dedit
1226 3208 1494 3266 θωρηκτῇσι,
1523 3203 1706 3250 Seberus
1735 3204 1839 3264 legit
1867 3210 2149 3266 θωρηκτοῑσι.
