3133 3913
321 795 329 848 1¹
393 850 422 876 „fx
479 770 699 873 >alviz

328 849 430 908 Ψ
1034 881 1805 956 nissen-tationis

232 1042 306 1112 de
356 1041 659 1112 vocabulis
708 1040 1047 1115 Homericis
1097 1069 1251 1137 quae
1297 1046 1357 1114 in
1405 1045 1679 1116 alterutro
1737 1046 1994 1118 carmine
2054 1070 2176 1115 non
2226 1047 2602 1116 inveniuntur
2642 1109 2701 1153 s„

2589 1166 2626 1196 s

1178 1222 1358 1278 rins
1425 1223 1654 1280 Paron.
2533 1196 2589 1241 s

1278 1407 1569 1415 *-

233 1532 433 1605 Utrum
471 1553 641 1604 eadem
678 1553 899 1603 oratione
937 1553 1012 1603 usi
1049 1552 1145 1604 sint
1182 1555 1347 1606 lliadis
1382 1561 1526 1622 atque
1563 1554 1829 1622 Odysseae
1864 1561 2043 1622 poetae
2080 1570 2142 1602 au
2178 1552 2402 1612 diversa,
2446 1549 2608 1600 adhuc

230 1646 357 1696 inter
390 1646 523 1696 viros
577 1645 753 1695 doctos
801 1646 878 1711 qui
921 1645 969 1695 in
1015 1646 1192 1696 studiis
1234 1646 1510 1698 Homericis
1560 1653 1838 1707 versantur,
1891 1645 1937 1694 in
1983 1645 2320 1696 controversia
2363 1649 2457 1693 est.
2528 1642 2610 1691 Ac

230 1736 359 1785 multi
405 1735 593 1801 quidem
638 1735 763 1785 inter
809 1735 1131 1787 elocutionem
1180 1736 1430 1803 utriusque
1475 1737 1700 1788 carminis
1753 1753 1845 1786 non
1890 1735 2032 1785 modo
2079 1734 2274 1786 differre
2321 1734 2610 1798 aliquantum

230 1825 323 1876 sibi
359 1841 670 1893 persuasere,
707 1824 798 1876 sed
836 1825 978 1876 etiam
1015 1825 1091 1876 his
1128 1825 1471 1894 discrepantiis
1506 1833 1723 1889 tempora
1760 1826 1955 1877 diversa
1974 1824 2112 1893 prodi
2132 1825 2379 1892 probatum
2405 1823 2608 1872 iverunt.

231 1916 295 1965 Ut
329 1922 486 1965 autem
523 1915 855 1965 demonstrent
890 1926 1108 1981 quantum
1143 1917 1268 1967 inter
1303 1934 1362 1967 se
1408 1917 1591 1967 distent
1638 1917 1752 1966 llias
1799 1923 1849 1966 et
1884 1915 2120 1981 Odyssea
2167 1913 2404 1964 orationis
2440 1911 2609 1962 colore

231 2014 281 2055 et
316 2005 711 2067 conformatione,
748 2006 842 2055 duo
878 2014 1159 2072 argumenta
1194 2008 1369 2057 afferre
1406 2008 1586 2074 solent,
1652 2008 1858 2057 Psimum
1895 2021 2014 2056 esse
2050 2021 2143 2054 non
2179 2020 2337 2071 pauca
2370 2000 2612 2053 vocabula

229 2096 277 2143 iu
312 2095 469 2144 altero
505 2096 716 2146 carmine
753 2097 1140 2146 celebratissima
1190 2098 1238 2146 iu
1274 2098 1431 2148 altero
1467 2097 1704 2157 inaudita3
1763 2095 1940 2147 deinde
1991 2095 2218 2145 nonnulla
2270 2094 2318 2142 in
2373 2091 2610 2158 Odyssea

230 2191 312 2233 aut
347 2184 486 2233 aliam
523 2193 816 2252 potestatem
852 2187 1034 2237 habere
1069 2194 1212 2253 atque
1257 2190 1305 2237 in
1342 2187 1496 2238 Iliade
1531 2194 1613 2238 aut
1646 2188 1785 2237 aliam
1823 2186 2052 2236 rationem
2090 2184 2426 2251 syntacticam.
2507 2180 2608 2231 Sed

232 2275 310 2340 qui
345 2275 471 2325 hunc
507 2275 661 2325 locum
697 2277 856 2326 adhuc
892 2279 1179 2343 attigerunt,
1215 2294 1386 2329 omnes
1422 2267 1519 2329 rem
1556 2279 1855 2328 strinxerunt
1888 2285 2081 2342 tantum,
2115 2291 2253 2325 nemo
2273 2273 2442 2323 dedita
2460 2288 2610 2338 opera

232 2364 497 2414 orationem
533 2365 781 2431 utriusque
817 2369 1042 2418 carminis
1079 2369 1390 2435 comparavit.
1473 2368 1615 2420 Unde
1654 2370 1830 2418 factum
1866 2375 1946 2418 est
1980 2375 2029 2415 ut
2063 2373 2260 2433 praeter
2301 2362 2609 2414 observatio-

232 2469 322 2504 nes
358 2453 579 2519 singulas
616 2472 773 2523 neque
808 2457 935 2508 inter
969 2474 1028 2509 se
1066 2451 1318 2509 connexas
1362 2458 1478 2507 nihil
1516 2458 1622 2508 dum
1666 2458 1859 2508 allatum
1903 2457 1966 2508 sit
2010 2455 2074 2505 ad
2117 2454 2447 2522 quaestionem
2490 2467 2606 2517 gra·

230 2542 473 2594 vissimum
528 2545 830 2597 solvendam.
918 2547 1169 2609 Quatenus
1207 2557 1404 2600 veteres
1440 2548 1756 2600 chorizontes
1809 2548 1920 2599 huic
1963 2544 2395 2614 argumentationis
2437 2538 2606 2608 generi

228 2634 489 2683 institerint
524 2637 794 2698 nescimus,
831 2638 1048 2703 quoniam
1086 2640 1131 2688 in
1168 2639 1375 2705 antiquis
1410 2639 1704 2690 scholiorum
1741 2638 2115 2690 collectionibus
2151 2653 2246 2688 non
2280 2637 2477 2686 exstant
2510 2629 2605 2678 nisi

228 2724 573 2776 minutissimae
608 2744 668 2777 ac
705 2720 982 2779 rarissimae
1019 2730 1258 2796 ejusmodi
1293 2729 1683 2779 observationum
1702 2729 1951 2795 reliquiae,
1986 2728 2122 2778 velut
2144 2724 2269 2792 quod
2288 2718 2603 2773 Aristarchus

231 2815 514 2864 observavit
548 2816 612 2866 de
648 2821 940 2882 προπάροιθε
974 2819 1025 2867 Κ
1051 2822 1151 2870 476
1188 2829 1238 2870 et
1272 2820 1383 2870 alibi
1419 2820 1608 2880 (Lebrs
1645 2820 1916 2870 Aristarch.
1936 2836 1982 2884 p.
2007 2819 2148 2880 121).
2202 2816 2265 2865 cf.
2300 2809 2503 2863 euridem
2541 2807 2602 2857 de

228 2906 383 2968 ὅμιλος
415 2904 741 2958 disserentem
780 2912 818 2959 K
855 2910 954 2960 338
988 2909 1132 2972 (ibid.
1171 2928 1213 2977 p.
1260 2913 1393 2966 147.)
1448 2916 1500 2959 et
1551 2909 1614 2960 de
1667 2927 1756 2960 usu
1809 2908 2148 2960 vocabulorum
2207 2904 2366 2954 vilium
2418 2900 2601 2963 utrique

231 2995 424 3047 carmini
460 2999 694 3053 communi
749 3001 784 3049 A
824 3002 932 3051 147.
1039 2999 1087 3051 Ε
1140 3001 1492 3053 recentioribus
1544 3000 1688 3050 multa
1738 2999 1833 3050 huc
1868 2998 2160 3067 pertinentia
2191 2992 2472 3058 congessit,
2525 2989 2604 3055 qui

230 3093 406 3153 postea
440 3087 730 3139 senteutiam
765 3091 1049 3142 retractavit
1083 3091 1156 3141 vir
1191 3090 1469 3143 de‘studiis
1486 3089 1757 3141 Homericis
1793 3089 1970 3156 optime
2006 3088 2201 3138 meritus
2256 3082 2314 3133 G.
2344 3081 2426 3129 W.
2454 3080 2607 3129 Nitz-

230 3178 397 3228 schius
432 3177 478 3228 in
516 3175 867 3240 dissertatione
905 3181 967 3232 de
1004 3182 1242 3249 Odyssea
1267 3199 1391 3249 qnae
1409 3181 1606 3234 Erschii
1643 3188 1693 3231 et
1720 3180 1926 3231 Gruberi
1962 3171 2394 3243 Encyclopaediae
2421 3170 2609 3221 inserta

2240 3267 2261 3312 1
