3182 3949
1406 250 1448 299 9

238 416 358 451 casu
390 400 494 451 fieri
528 399 682 467 potnit
718 404 764 448 ut
800 398 954 448 semel
990 397 1071 448 vel
1104 397 1274 447 iterum
1310 395 1494 447 aditum
1527 395 1779 447 inveniret.
1869 394 2012 455 Quod
2052 401 2250 462 praeter
2289 411 2354 445 ea
2397 395 2624 460 exempla

237 507 360 556 quae
396 489 553 541 adhuc
588 487 725 539 attuli
759 486 975 554 plurimis
1009 487 1119 537 aliis
1155 488 1396 552 probatur.
1465 487 1722 552 Nunquam
1757 485 1883 535 enim
1917 484 2216 551 inOdyssea
2250 486 2479 551 leguntur
2504 486 2628 533 ἐπί-

236 598 446 643 κουρος
478 581 587 643 (3·2,
620 581 698 640 0).
748 580 981 642 φάλαγξ
1028 579 1110 640 33,
1158 580 1193 628 0
1243 582 1321 637 (et
1369 578 1749 643 φαλαγγηδόν
1789 579 1832 637 l,
1865 578 1918 637 0)
1961 578 2088 630 στίξ
2128 581 2230 639 (41,
2270 581 2312 639 1,
2349 576 2444 627 sed
2479 577 2620 627 locus

237 670 502 737 Odysseae
522 669 700 736 quiest
727 687 758 715 α
782 670 876 718 100
913 670 1085 719 rationi
1102 668 1386 719 inferendus
1405 685 1499 717 non
1519 675 1615 725 est,
1651 684 1757 716 nam
1777 683 1883 717 eum
1921 667 2046 716 male
2081 668 2357 719 translatum
2395 682 2518 719 esse
2554 683 2619 718 ex

238 764 275 810 E
307 765 407 815 747
450 767 552 829 jam
609 760 890 810 observavit
950 760 1296 817 Aristarchus)
1351 760 1560 815 ἱππεύς
1606 761 1696 821 21,
1741 761 1760 808 1
1816 758 2107 823 ἱπποσόνη
2140 758 2199 819 6,
2257 761 2279 808 1
2334 764 2518 824 (neque
2573 757 2622 807 hi

238 853 506 917 Odysseae
542 850 640 900 loci
691 850 818 898 inter
851 853 988 916 justa
1034 849 1262 915 exempla
1295 848 1531 898 numerari
1567 854 1795 913 possunt,
1831 865 1937 897 nam
1975 854 2178 914 uterque
2211 848 2259 896 in
2295 857 2432 914 parte
2452 848 2616 914 spuria

238 942 440 991 extremi
494 940 598 989 libri
651 946 731 989 est
780 957 820 986 ω
854 942 920 988 40
956 948 1007 989 et
1041 940 1131 999 70,
1185 946 1235 988 et
1284 937 1371 988 ille
1423 954 1486 987 ne
1538 937 1648 987 huic
1697 937 1886 1002 quidem
1924 939 2121 988 carmini
2165 938 2387 1005 proprius
2424 939 2516 987 sed
2551 955 2618 988 ex

239 1032 285 1078 Π
314 1031 412 1080 776
449 1030 700 1081 desumtus
744 1032 871 1077 κεῖσο
918 1030 1074 1090 μέγας
1117 1028 1388 1091 μεγαλωστί
1433 1028 1717 1089 λελασμένος
1756 1029 2078 1089 ἱπποσυνάων)
2130 1029 2371 1092 ἡνίοχος·
2425 1030 2514 1089 30,
2564 1033 2611 1077 0.

237 1121 528 1184 (ἡνιοχεύς
557 1122 606 1181 4,
641 1122 689 1180 0,
725 1119 1040 1183 ὑφηνίοχος
1077 1121 1117 1179 Ι,
1151 1121 1218 1180 0).
1287 1117 1396 1169 Sed
1418 1119 1754 1183 ἣνιοχεύεεν
1789 1121 1882 1180 3,1
1921 1117 2431 1183 inOdysseaquoque
2449 1118 2619 1167 adsci-

238 1219 328 1260 tum
366 1218 446 1261 est
480 1209 560 1261 ubi
595 1208 894 1261 Nausicaan
936 1216 1084 1274 poeta
1129 1208 1249 1260 fecit
1292 1208 1447 1259 mulas
1483 1208 1641 1260 currui
1677 1211 1875 1273 junctas
1918 1208 2125 1258 habenis
2169 1218 2421 1273 regentem
2486 1213 2519 1265 ζ
2553 1212 2620 1260 69

238 1303 268 1363 ἡ
303 1301 359 1348 δὲ
390 1300 496 1362 μάλ’
530 1300 772 1364 ἡνιόχευεν
805 1300 937 1355 ὅπως
967 1299 1158 1347 ἑποίατο
1194 1300 1335 1355 πεζοί.
1392 1298 1488 1358 Qui
1522 1315 1698 1347 versus
1717 1299 1887 1347 nullam
1908 1298 2074 1347 lliadis
2110 1299 2417 1350 imitationem
2438 1300 2620 1366 prodit;

239 1398 439 1457 apparet
472 1390 619 1456 igitur
649 1390 699 1440 si
733 1406 817 1439 res
852 1390 1054 1457 saepius
1089 1397 1351 1440 memorata
1385 1389 1539 1450 foret,
1592 1388 1793 1438 futurum
1838 1388 1997 1439 fuisse
2048 1396 2100 1438 ut
2152 1390 2296 1440 ctiam
2332 1392 2617 1442 vocabulum

239 1482 451 1546 pluribus
486 1481 613 1532 locis
648 1481 911 1546 legeretur.
976 1480 1119 1541 Quod
1154 1481 1334 1536 ἄντυξ
1369 1482 1453 1542 13,
1496 1482 1530 1529 0
1572 1480 1619 1529 in
1657 1479 1891 1545 Odyssea
1927 1497 2172 1544 numquam
2224 1482 2486 1547 reperitur,
2531 1483 2616 1530 ἐύ-

240 1587 445 1634 τροχος
475 1573 533 1631 7,
577 1574 595 1620 1
656 1570 813 1636 (quod
850 1570 1168 1621 substantivis
1203 1571 1333 1633 ᾆσμα
1376 1576 1429 1621 et
1472 1569 1631 1632 ἅμαξα
1681 1569 1960 1636 apponitur)
2013 1570 2169 1619 semel
2218 1572 2252 1624 ζ
2291 1571 2355 1620 ’.72
2409 1573 2617 1624 eandem

240 1677 435 1710 causam
471 1676 594 1712 esse
628 1666 775 1726 patet.
862 1661 1034 1711 Duces
1068 1660 1305 1726 agminum
1352 1659 1467 1710 llias
1526 1660 1755 1726 plurimos
1808 1659 1952 1710 habet
1987 1659 2222 1725 Odyssea
2258 1662 2443 1724 nullos,
2481 1665 2609 1714 unde

241 1751 380 1800 vocis
423 1751 563 1812 ἁγός
601 1751 909 1816 (plerumque
944 1752 992 1799 in
1028 1751 1248 1800 clausula
1290 1752 1409 1813 ἀγός·
1438 1752 1622 1813 ἀνδρῶν
1659 1755 1938 1817 usurpatae)
1985 1751 2061 1800 bic
2105 1752 2280 1800 nullum
2326 1756 2615 1821 exemplum,

241 1840 336 1890 illic
370 1841 542 1908 viginti
579 1839 689 1891 duo.
760 1840 945 1893 Contra
978 1842 1214 1906 ἡγεμών
1265 1841 1396 1907 quod
1446 1841 1565 1891 ilias
1619 1841 1788 1907 viginti
1822 1841 1972 1891 tribus
2008 1840 2135 1892 locis
2172 1840 2341 1904 babet,
2386 1845 2530 1895 etiam
2568 1849 2615 1896 in

240 1930 475 1998 Odyssea
510 1931 585 1984 bis
619 1931 875 1994 invenitur,
893 1930 988 1983 sed
1023 1931 1098 1984 bis
1133 1931 1260 1984 locis
1295 1948 1391 1983 non
1429 1931 1494 1983 de
1532 1932 1658 1983 duce
1694 1932 1881 1982 militari
1915 1931 2008 1982 sed
2037 1931 2100 1982 de
2137 1931 2263 1982 duce
2303 1934 2417 1985 viae
2452 1954 2615 1987 sermo

240 2029 334 2081 est,
368 2037 398 2069 κ
430 2020 537 2071 505¹
577 2023 645 2087 μή
698 2023 749 2070 τέ
800 2039 866 2070 τοι
917 2024 1148 2088 ἡγεμόνος
1193 2039 1250 2085 γε
1285 2023 1409 2087 ποθὴ
1447 2024 1577 2084 παρὰ
1621 2023 1694 2088 νηὶ
1723 2023 1942 2084 μελέσθω
1993 2041 2019 2070 ο
2052 2022 2153 2073 310
2202 2024 2320 2072 ἀλλά
2366 2044 2447 2087 μοι
2483 2027 2539 2075 εὖ
2576 2030 2610 2076 τ’

241 2113 416 2159 ὑπόθευ
451 2111 530 2159 καὶ
563 2111 640 2173 ἅμ’
675 2112 862 2176 ἡγεμόν’
898 2113 1063 2162 ἐσθλὸν
1097 2113 1315 2161 ὄπασσον.
1344 2111 1744 2174 Ἦγεμονεύειν
1780 2112 1907 2178 quod
1942 2121 2186 2178 utrumque
2223 2113 2436 2164 ducendi
2453 2132 2615 2180 genus

241 2200 573 2267 complectitur
625 2217 782 2268 aequa
832 2203 1142 2270 proportione
1195 2203 1242 2253 in
1296 2210 1497 2268 utroque
1551 2203 1760 2253 carmine
1812 2203 1990 2267 legitur
2044 2206 2128 2264 19,
2187 2206 2263 2266 14,
2315 2222 2412 2255 nec
2461 2208 2616 2258 minus

240 2292 469 2355 ἡγήτωρ
513 2290 641 2357 quod
678 2309 770 2343 non
806 2293 948 2345 modo
985 2293 1049 2343 de
1084 2293 1451 2360 imperatoribus
1505 2294 1695 2344 bellicis
1748 2293 1840 2344 sed
1875 2295 2016 2344 etiam
2053 2294 2115 2344 de
2160 2295 2456 2362 principibus
2493 2299 2619 2348 civi-

242 2390 384 2430 tatum
421 2380 519 2432 dici
553 2389 712 2434 notum
750 2391 842 2435 est.
1394 2369 1396 2371 V

373 2472 529 2525 Tres
565 2491 753 2524 voces
789 2476 1402 2542 inpoesiflomerica
1437 2478 1745 2527 notionem
1780 2476 1982 2526 hostis
2018 2477 2356 2544 exprimunt
2382 2480 2606 2544 ὃήιοςόυ-

241 2565 415 2627 σμενής·
445 2564 688 2625 ἀνᾴοσιος,
741 2582 865 2631 quae
910 2573 960 2618 et
994 2567 1104 2616 aliis
1134 2566 1398 2616 nominibus
1433 2577 1733 2634 apponuntur
1751 2573 1801 2617 et
1818 2584 1904 2634 pro
1940 2567 2258 2618 substantivis
2304 2584 2611 2636 usurpantur.

240 2652 324 2702 Ex
343 2653 420 2703 bis
442 2655 537 2718 ὃήι
550 2671 613 2710 ος
628 2655 766 2706 lliadi
790 2658 1027 2723 proprium
1044 2666 1138 2719 est,
1157 2660 1330 2724 quippe
1349 2657 1479 2722 quod
1497 2657 1560 2709 de
1574 2675 1641 2708 -eo
1662 2658 1959 2724 potissimum
1979 2657 2166 2707 dicatur
2197 2660 2274 2723 qui
2295 2660 2471 2724 perdat
2496 2679 2619 2711 con-

242 2742 373 2793 cidat
406 2743 631 2805 trucidet,
667 2746 796 2798 unde
831 2763 939 2799 cum
974 2751 1068 2810 πῦρ
1104 2755 1156 2799 et
1189 2748 1392 2810 πόλεμος
1422 2749 1654 2814 conjungi
1705 2749 1832 2799 solet
1864 2750 1977 2810 (14,
2012 2754 2074 2807 υ)
2131 2765 2226 2798 nec
2260 2751 2450 2814 δηιόω
2487 2755 2613 2818 quod

243 2833 363 2883 llias
394 2833 613 2886 sedecim
648 2836 776 2887 locis
812 2837 957 2888 habet
990 2838 1035 2887 in
1074 2838 1309 2905 Odysseo
1343 2838 1529 2904 pluries
1564 2857 1700 2905 quam
1736 2840 1810 2888 bis
1853 2840 2031 2904 legitur
2076 2842 2137 2901 (ὃ
2168 2841 2269 2890 ⁸226
2321 2843 2551 2906 ἀδελφεὸν
2583 2846 2615 2905 ἢ

241 2924 369 2988 φίλον
404 2925 499 2973 υἱόν
533 2926 700 2989 Χαλκῴ
733 2930 931 2993 δηιόῳεν
966 2950 980 2978 ι
1007 2933 1074 2981 66
1090 2931 1614 2994 οῗθάνον-Δηῳθὲντες)
1633 2946 1729 2979 nec
1746 2930 2070 2995 ὄηιοτήςϋιι
2091 2931 2244 2981 niade
2264 2932 2422 2983 vicies
2441 2933 2611 2983 sexies

244 3015 528 3077 adhibitum)
564 3018 747 3083 pluries
784 3038 921 3087 quam
958 3029 1046 3071 ter.
1134 3023 1312 3071 Horum
1347 3022 1558 3072 locorum
1595 3038 1717 3072 unus
1769 3024 1796 3069 λ
1828 3023 1928 3072 516
1962 3021 2162 3078 πολλοὺς
2191 3021 2236 3070 δ’
2269 3023 2444 3087 ἄνδρας
2471 3020 2615 3086 ἔπεφ-

245 3127 319 3156 νεν
353 3109 405 3156 ἐν
440 3107 546 3172 αἰνῇ
579 3112 782 3177 δηιοτῆτι
837 3130 902 3163 ex
947 3114 1100 3164 iliade
1154 3113 1201 3162 X
1236 3114 1337 3164 229
1384 3128 1656 3179 expressus
1693 3119 1794 3173 est,
1847 3111 2070 3164 secunda
2122 3114 2257 3163 verbi
2307 3128 2517 3179 persona
2567 3114 2615 3162 in

243 3201 426 3248 tertiam
464 3206 656 3259 mutata,
692 3203 816 3252 alter
852 3203 897 3251 in
936 3204 1136 3253 eandem
1174 3203 1466 3254 tritissimam
1503 3202 1765 3253 clausulam
1805 3203 1909 3253 exit
1961 3221 1997 3265 μ
2033 3203 2129 3254 ’257
2161 3206 2330 3267 χεξοας
2360 3202 2466 3263 ἐμοὶ
2501 3204 2606 3264 ὀρέ-
