3162 3943
1653 268 1727 316 lo

486 429 650 475 γοντες
680 414 733 461 ἐν
768 414 874 479 αἰνῇ
909 416 1126 478 δηιοτῆτι,
1162 412 1336 461 tertius
1376 419 1455 462 est
1491 415 1523 469 ζ
1550 413 1652 462 203
1686 415 1907 479 δηιοτῆτα
1941 412 2109 475 φέρων.
2177 413 2317 473 Quae
2354 416 2579 483 exempla
2609 415 2879 467 luculenter

490 503 758 555 ostendunt
793 521 884 554 nou
921 504 1084 553 barum
1122 518 1296 554 vocum
1331 520 1468 553 usum
1503 503 1552 552 in
1572 502 1812 569 Odyssea
1848 502 2040 551 vitatum
2077 518 2199 553 esse
2234 504 2330 554 sed
2364 505 2606 557 notionem
2643 507 2703 557 ab
2730 523 2878 572 argu-

489 595 636 646 menti
672 603 838 645 natura
874 593 1206 646 abhorruisse.
1296 595 1481 647 Contra
1528 595 1829 659 δυσμενής
1876 592 2061 659 utrique
2097 592 2292 644 carmini
2326 610 2576 647 commuue
2613 602 2716 657 est,
2771 614 2877 647 uam

488 684 668 736 inimici
720 691 769 735 et
823 684 1052 736 malevoli
1087 685 1220 737 Ulixi
1271 683 1495 736 redeunti
1546 682 1870 734 adversantur
1919 683 1999 734 vel
2050 682 2338 735 insidiantur
2379 684 2579 752 plurimi.
2658 687 2876 739 Tertium

490 777 777 839 ἀνάρσιος
808 775 917 827 fere
953 776 1064 827 sola
1100 776 1338 844 Odyssea
1374 777 1521 827 habet
1556 778 1627 837 (Ι,
1662 779 1732 838 5),
1785 775 1960 843 quippe
2007 775 2054 824 in
2092 792 2202 841 -qua
2235 776 2541 842 frequentata
2575 778 2642 828 sit
2676 777 2878 829 formula

491 867 701 929 ἀνάρσιοι
737 865 911 930 ἄνδρες
943 866 1214 932 ἐδηλήσαντ’
1250 866 1331 916 ἐπὶ
1361 867 1538 930 χέρσῳ,
1574 868 1716 931 cujus
1768 865 2073 917 adhibendae
2124 865 2170 915 in
2206 865 2360 917 Iliade
2407 867 2490 916 vix
2541 886 2742 934 unquam
2790 869 2878 919 fnit

424 1006 429 1013 ,
491 957 714 1007 occasio.

624 1047 929 1098 Armorum
966 1064 1133 1113 quum
1171 1046 1396 1115 duplex
1434 1047 1517 1097 sit
1553 1063 1835 1112 genus—
1871 1054 1969 1096 aut
2004 1045 2152 1097 enim
2187 1044 2258 1095 ad
2295 1048 2630 1098 nocendum
2650 1065 2876 1099 sumun-

490 1145 584 1188 tur
619 1147 718 1187 aut
752 1138 825 1187 ad
861 1154 1088 1206 corpus
1135 1138 1463 1205 tegendum
1518 1138 1845 1188 induuntur
1916 1168 1974 1177 -
2030 1137 2262 1187 illorum
2313 1137 2370 1187 in
2428 1138 2717 1206 Odyssea
2762 1155 2873 1190 non

488 1244 628 1281 raro
666 1229 888 1280 mentio
923 1229 1099 1281 facta
1137 1235 1255 1292 est,
1293 1229 1510 1295 quoniam
1547 1242 1674 1296 pace
1712 1244 1901 1294 quoque
1937 1246 1967 1280 a
1999 1227 2117 1279 viris
2151 1226 2197 1278 in
2245 1227 2482 1294 publicum
2529 1227 2876 1296 prodeuntibus

490 1319 835 1386 gestabantur3
873 1317 966 1370 sed
1019 1328 1188 1392 partes
1225 1337 1253 1370 e
1291 1318 1461 1385 quibus
1497 1325 1725 1370 constant
1760 1337 1853 1369 non
1890 1318 2038 1370 facile
2076 1325 2407 1381 memorantur,
2445 1320 2540 1369 nisi
2577 1322 2654 1371 ubi
2689 1323 2872 1388 proelia

488 1411 686 1462 uberius
723 1417 775 1461 et
810 1410 968 1461 fusius
1015 1411 1370 1461 describuntur.
1457 1410 1616 1459 Etiam
1672 1411 1890 1477 epitheta
1942 1427 2172 1459 armorum
2225 1411 2272 1459 ei
2325 1411 2626 1477 potissimum
2679 1414 2874 1462 carmini

485 1502 682 1570 propria
717 1507 845 1562 sunt,
879 1501 926 1550 in
966 1518 1060 1567 quo
1097 1501 1405 1551 substantiva
1440 1501 1817 1567 frequentantur,
1852 1508 1904 1551 ut
1938 1508 2097 1551 tamen
2132 1501 2332 1550 alterum
2367 1517 2532 1552 eorum
2552 1520 2644 1552 nou
2674 1519 2874 1571 prorsus

488 1600 660 1643 careat
703 1592 961 1659 exemplis,
1033 1594 1111 1641 Ex
1148 1593 1225 1641 his
1261 1594 1628 1656 δολιχόσκιον
1662 1591 1790 1657 quod
1826 1607 1931 1642 cum
1969 1591 2112 1656 ἔγχος
2141 1592 2471 1657 conjungitur,
2516 1610 2609 1642 non
2657 1595 2874 1644 omnibus

487 1684 647 1733 hastis
666 1683 862 1750 proprie
882 1683 1113 1732 convenit
1148 1682 1242 1731 sed
1278 1683 1341 1731 iis
1361 1698 1484 1748 quae
1505 1698 1533 1732 e
1555 1682 1769 1731 manibus
1788 1682 2003 1732 emissae
2036 1684 2261 1732 feruntur.
2321 1681 2463 1733 Unde
2483 1699 2575 1733 non
2606 1684 2767 1733 mirum
2796 1692 2872 1733 est

489 1773 691 1826 iliadem
731 1774 826 1822 hoc
862 1780 1032 1838 quater
1066 1780 1199 1821 tanto
1235 1772 1439 1839 amplius
1476 1772 1659 1822 habere
1695 1789 1830 1837 quam
1852 1770 2134 1837 Odysseam
2170 1774 2275 1833 (21,
2296 1772 2374 1831 5).
2445 1773 2571 1823 Loci
2607 1772 2875 1839 Odysseae

488 1865 536 1915 hi
574 1870 711 1914 sunt:
766 1880 793 1911 τ
825 1865 926 1914 438
969 1863 1049 1912 ubi
1112 1863 1423 1913 hemistichio
1477 1863 1696 1926 κραδάων
1747 1862 2030 1927 δολιχόσκιον
2081 1859 2223 1927 ἔγχος
2268 1878 2335 1914 ex
2387 1864 2431 1913 H
2476 1865 2575 1915 213
2628 1879 2874 1932 expresso

488 1957 668 2008 Ulixes
698 1955 1002 2005 adolescens
1040 1954 1332 2005 describitur
1366 1971 1528 2023 aprum
1566 1954 1854 2015 incessens3
1892 1961 2151 2020 praeterea
2187 1952 2261 2004 bis
2297 1953 2344 2003 in
2382 1969 2445 2006 eo
2481 1954 2603 2006 libro
2636 1955 2878 2007 invenitur

492 2064 587 2115 quo
624 2046 815 2098 caedes
865 2061 1119 2114 procorum
1174 2053 1393 2095 narratur
1444 2052 1499 2111 (χ
1532 2047 1615 2107 95,
1649 2046 1744 2108 97)
1787 2053 1839 2095 et
1885 2045 1930 2094 in
1966 2051 2214 2112 postremo
2265 2044 2344 2095 ubi
2397 2062 2574 2098 versus
2622 2045 2669 2096 in
2725 2045 2877 2098 iliade

490 2137 913 2189 celebratissimus
950 2136 1070 2203 αἶψα
1101 2136 1209 2200 μάλ’
1244 2138 1536 2200 ἀμπεπαλὼν
1571 2136 1720 2199 προίει
1756 2137 2041 2200 δολιχόσκιον
2070 2133 2216 2199 ἔγχος
2248 2136 2323 2187 bis
2358 2137 2595 2205 repetitus
2624 2144 2702 2187 est
2738 2138 2877 2198 (518,

488 2232 626 2290 52¹).
699 2229 769 2277 At
803 2228 1052 2282 ὀξυόεις
1102 2227 1230 2292 quod
1266 2228 1312 2276 in
1353 2227 1504 2276 lliade
1541 2227 1715 2277 decies
1751 2226 1958 2292 positum
1996 2233 2092 2286 est,
2127 2225 2173 2274 in
2219 2227 2456 2295 Odyssea
2499 2228 2654 2277 semel
2697 2234 2876 2277 tantum

489 2323 543 2379 (τ
561 2319 673 2380 33),
706 2319 970 2381 μείλινος
1000 2317 1102 2367 illic
1139 2316 1413 2368 duodecies
1442 2335 1549 2368 cum
1573 2317 1841 2367 nominibus
1861 2315 2005 2381 ἔγχος
2028 2323 2077 2366 et
2095 2317 2209 2378 δόρυ
2245 2321 2554 2384 conjunctum
2573 2318 2618 2366 in
2641 2317 2877 2384 Odyssea

488 2408 679 2459 omnino
716 2426 809 2457 uon
846 2409 1098 2475 legeretur
1141 2408 1235 2458 nisi
1273 2409 1426 2458 semel
1475 2407 1538 2457 de
1585 2407 1746 2457 limine
1798 2407 2024 2458 fraxineo
2079 2423 2238 2458 sermo
2292 2416 2436 2459 esset
2479 2425 2515 2472 ρ
2548 2409 2684 2458 339’
2752 2408 2877 2459 Hinc

487 2505 692 2566 apparet
729 2499 870 2548 etiam
909 2505 1179 2548 ceterorum
1218 2498 1538 2565 epithetorum
1586 2498 1826 2547 raritatem
1880 2497 2054 2547 nullam
2108 2497 2245 2547 aliam
2300 2514 2494 2549 causam
2547 2498 2731 2550 habere
2784 2498 2876 2548 nisi

487 2606 640 2639 raram
685 2590 931 2641 hastarum
968 2590 1480 2640 commemorationem.
1552 2587 1781 2640 Ceterum
1823 2588 1994 2653 μελίη
2054 2589 2129 2649 13,
2164 2588 2195 2637 3
2250 2588 2383 2640 locis·
2411 2588 2604 2654 legitur,
2653 2589 2877 2651 ἐυμμε-

484 2679 539 2727 λι’
548 2697 615 2744 ης
644 2682 691 2738 5,
737 2683 754 2729 l
798 2682 855 2742 (γ
891 2680 1040 2740 400.).
1113 2679 1190 2728 De
1226 2680 1380 2728 tribus
1417 2685 1575 2728 autem
1629 2679 1708 2728 vel
1764 2686 1965 2747 quatuor
2018 2678 2232 2745 partibus
2269 2695 2298 2728 e
2335 2679 2505 2746 quibus
2543 2680 2718 2730 hastae
2755 2696 2875 2728 con-

488 2778 637 2833 stant,
673 2772 925 2840 cuspidem
964 2771 1080 2820 dico
1118 2777 1170 2820 et
1203 2771 1383 2821 hastile
1420 2788 1633 2839 superne
1669 2771 1853 2823 circulo
1889 2771 2052 2820 ferreo
2073 2770 2417 2822 circumdatum
2446 2772 2875 2838 ferramentumque

488 2863 717 2925 infimum,
752 2879 813 2913 ne
849 2879 945 2913 uua
980 2861 1172 2929 quidem
1207 2862 1254 2911 iu
1293 2862 1532 2929 Odyssea
1565 2863 1825 2930 reperitur:
1862 2864 2062 2918 ξυστόν
2096 2867 2146 2927 6,
2180 2867 2214 2915 0
2262 2862 2548 2928 οὐρίαχος
2576 2863 2624 2925 3,
2660 2863 2692 2911 0
2743 2877 2875 2911 σαυ-

487 2955 683 3019 ρωτήρ
718 2954 848 3009 ἅπαξ
862 2952 1175 3019 εἰρημένονΚ
1190 2954 1285 3004 153
1321 2953 1541 3019 πόρκης
1570 2953 1613 3003 Ζ
1624 2953 1726 3004 320
1762 2952 1839 3019 qui
1860 2969 2035 3005 versus
2061 2953 2299 3022 repetitus
2331 2961 2410 3005 est
2454 2953 2626 3014 &3953
2663 2960 2710 3004 et
2749 2951 2877 3019 quod

493 3042 679 3092 mireris
724 3043 906 3109 αἰχμή
943 3043 1069 3110 quod
1105 3044 1152 3092 in
1190 3042 1345 3093 Iliade
1381 3043 1550 3094 tricies
1586 3043 1778 3105 sexies,
1815 3047 1863 3093 in
1902 3044 2140 3112 Odyssea
2175 3062 2239 3095 ne
2273 3044 2427 3096 semel
2465 3043 2652 3109 quidem
2682 3043 2876 3109 legitur,

495 3148 768 3199 quamquam
805 3133 1086 3200 αἰχμηταί
1120 3151 1214 3186 non
1251 3133 1415 3186 desint
1452 3138 1557 3197 (24,
1593 3135 1673 3195 4.).
1746 3134 1968 3187 Alterius
2007 3135 2229 3187 vocabuli
2265 3134 2393 3201 quod
2430 3133 2680 3202 cuspidem
2717 3132 2877 3198 signi-

492 3222 607 3273 ficat
641 3224 836 3288 ἀκωκή
871 3231 981 3276 sunt
1017 3224 1203 3290 quidem
1240 3226 1286 3276 in
1326 3225 1564 3291 Odyssea
1601 3224 1695 3275 duo
1733 3226 1956 3292 exempla
1994 3226 2061 3285 (iu
2087 3225 2237 3277 iliade
2258 3225 2527 3289 tredecim),
2563 3225 2655 3276 sed
2677 3233 2874 3288 uterque
