3202 3946
1475 280 1546 331 13

134 412 149 430 ⁰
201 450 249 515 ἢ
317 437 371 482 et
402 428 716 492 inteutifflm
749 424 917 476 virium
951 401 1252 491 sigfflcente
1288 427 1444 492 ἐρωή
1478 426 1672 488 (δουρὸς
1697 423 1881 492 βελέων
1916 423 2064 485 πυρὸς
2094 422 2323 488 πολέμου)
2349 424 2470 483 13,o
2503 425 2709 486 ἐρωέω

317 523 367 583 9,
400 523 435 572 2
484 525 541 585 (μ
572 520 649 587 16
693 516 745 565 τὸ
774 517 864 579 μὲν
897 514 1053 565 οὔποτ’
1087 516 1239 578 ἐρωεῖ
1283 531 1320 564 π
1368 516 1464 567 441
1524 514 1645 582 αἶψά
1676 515 1725 564 οἱ
1757 512 1873 576 aista
1923 512 2130 562 κελαινὸν
2175 514 2381 580 ἐρωήσει
2433 515 2541 576 περὶ
2574 517 2714 577 δουρί

318 624 376 651 =
406 596 614 685 Αῧὼ.)
648 605 918 669 ἐξερωέω
961 606 1000 666 Ι,
1034 607 1068 654 0
1102 604 1387 668 ὗπερωέω
1420 608 1469 667 2,
1501 602 1537 655 θ
1569 603 1888 669 ἐμμεμαώς
1923 603 1999 662 ΙΙ,
2055 604 2073 652 Ι
2136 605 2197 669 (ᾧ
2235 605 2330 655 129
2366 620 2507 671 quem
2544 605 2710 656 Sebe-

319 716 403 751 rus
437 658 787 769 pretermisit,
823 695 948 746 nuale
981 695 1246 747 translatus
1282 710 1349 747 ex
1382 696 1427 745 N
1462 696 1584 757 785)
1638 695 1874 760 μαιμάω
1905 692 1964 756 6,
1997 694 2045 745 0.
2134 693 2310 761 Neque
2358 713 2478 746 casu
2532 695 2710 747 fuctum

318 789 584 859 putaverim
617 786 747 855 quod
780 786 1189 853 λαιψηρῶν-10,
1221 788 1256 837 0
1291 793 1345 838 et
1377 785 1629 852 αἱφηρός
1682 789 1723 849 Ι,
1759 789 1812 845 2)
1867 785 1984 834 ilias
2038 785 2144 834 fere
2196 786 2304 835 sola
2357 787 2549 836 habeat.
2655 787 2705 835 in

317 881 446 933 idem
479 895 640 947 genus
673 875 855 928 cudunt
889 877 1039 927 verba
1073 893 1197 942 quae
1233 876 1490 943 proruendi
1508 884 1800 944 potestatem
1823 877 2023 926 habent:
2059 875 2193 938 ἐρεί
2197 892 2282 924 πω
2313 878 2396 937 24,
2421 879 2436 925 Ι
2464 878 2531 938 (ἰυ
2555 877 2707 927 ili-ade

320 971 479 1023 vicies
512 967 670 1022 semel
705 966 848 1018 tertia
881 983 1094 1034 persona
1128 966 1296 1017 aoristi
1331 965 1539 1018 secundi
1573 968 1802 1033 positum,
1839 984 1875 1031 χ
1908 967 2010 1019 296
2042 967 2186 1030 ἤριπε
2219 967 2280 1014 δὲ
2322 969 2514 1031 πρηνής,
2558 969 2708 1030 χθόνα

321 1061 364 1110 δ’
396 1062 546 1127 ἤλασε
588 1056 725 1109 παντὶ
754 1056 981 1120 μετώπῳ)
1017 1055 1361 1119 κατερείπω
1402 1055 1460 1119 2,
1508 1056 1543 1105 0
1585 1057 1890 1120 ὑπερείπω
1932 1059 1980 1118 Ι,
2013 1057 2062 1106 0.
2141 1056 2234 1107 His
2278 1055 2525 1108 accedunt
2566 1056 2709 1124 adje-

322 1152 455 1203 ctiva
489 1157 540 1202 et
572 1146 807 1200 adverbia
840 1162 964 1213 quae
999 1146 1164 1197 varius
1199 1145 1410 1198 cadendi
1446 1146 1528 1198 vel
1563 1146 1839 1198 collabeudi
1855 1148 2039 1213 figuras
2055 1146 2295 1198 iudicantz
2330 1147 2536 1204 ὕπτιος
2574 1150 2649 1208 14,
2677 1152 2709 1199 2

323 1248 359 1303 (ι
393 1242 489 1293 371
544 1240 576 1306 ἦ
609 1237 687 1289 καὶ
721 1236 1009 1294 ἀνακλινθεὶς
1040 1237 1179 1286 πέσεν
1235 1237 1395 1293 ὕπτιος
1439 1256 1473 1286 σ
1503 1237 1597 1286 397
1654 1237 1803 1299 αὐτὰρ
1853 1238 1888 1285 ὅ.
1920 1237 1961 1298 γ’
2002 1237 2209 1299 οἰμώξας
2257 1238 2402 1287 πέσεν
2453 1237 2616 1305 ὕπτιος
2656 1239 2707 1286 ἐν

322 1331 540 1397 κονίῃσιν)
576 1330 794 1395 πρηνής
837 1328 957 1389 17,1
998 1330 1022 1386 ί
1021 1343 1058 1391 χ
1077 1326 1179 1378 296
1213 1343 1351 1394 quem
1385 1329 1530 1378 modo
1552 1327 1714 1389 attuli3
1748 1326 1879 1395 prius
1913 1326 2263 1379 hemistichium
2298 1327 2594 1395 depromtum
2627 1336 2707 1380 est

323 1438 390 1472 ex
422 1422 464 1471 E
481 1422 564 1483 58,
598 1422 740 1486 qius
774 1418 928 1469 altera
961 1435 1076 1485 pars
1112 1418 1330 1484 ἀράβησε
1365 1418 1425 1466 δὲ
1460 1416 1613 1483 τεύχε’
1647 1416 1721 1467 ἐπ’
1739 1417 1867 1481 αὐτῷ
1901 1433 2007 1468 cum
2040 1417 2153 1469 huic
2187 1418 2301 1469 loco
2337 1434 2430 1468 uon
2467 1419 2706 1469 couveni-

322 1518 411 1574 ret,
448 1509 668 1561 clausula
701 1507 1001 1573 adglutinata
1036 1514 1117 1557 est
1159 1507 1239 1557 hic
1274 1515 1325 1557 et
1374 1524 1410 1572 χ
1441 1508 1511 1559 94
1552 1524 1620 1558 ex
1664 1525 1691 1556 ε
1725 1510 1823 1559 374
1865 1507 2008 1564 αὐτὸς
2044 1510 2104 1557 δὲ
2148 1509 2331 1575 πρηνὴς
2374 1508 2449 1558 ἁλὶ
2489 1510 2706 1559 κάππεσε

324 1600 459 1651 παντὶ
488 1600 719 1664 μετώπῳ)
756 1601 1102 1664 προπρηνής
1133 1603 1188 1661 ²,
1228 1600 1251 1648 1
1290 1602 1342 1663 (χ
1364 1600 1432 1650 98
1468 1599 1548 1649 ubi
1587 1615 1671 1666 pro
1694 1598 1869 1648 'dativo
1905 1615 2042 1665 quem
2081 1599 2343 1650 Bekkerus
2379 1599 2517 1650 dedit
2551 1617 2705 1652 accu-

324 1691 512 1743 sativus
545 1688 801 1758 ponendus
837 1695 941 1749 est)
977 1691 1117 1752 Τνύξ
1147 1691 1195 1752 6,
1228 1690 1262 1738 0
1301 1689 1413 1744 λάξ
1440 1690 1490 1751 6,
1542 1689 1574 1739 2
1628 1693 1679 1750 (ο
1725 1691 1790 1740 45
1841 1690 1930 1744 λὰξ
1979 1689 2087 1738 ποδὶ
2137 1692 2331 1754 κινήσας
2350 1695 2454 1757 jam
2490 1692 2551 1741 ab
2587 1692 2705 1741 Ari-

324 1780 520 1831 starcho
556 1780 700 1830 obelo
720 1786 772 1831 et
797 1778 1042 1830 asterisco
1075 1784 1286 1841 notatus,
1314 1796 1350 1842 ρ
1383 1779 1484 1831 233
1501 1779 1591 1835 λὰξ
1621 1777 1812 1842 ἔνθορεν
1845 1779 2161 1845 ἀφραδίῃσιν).
2230 1778 2337 1830 Sed
2358 1782 2470 1837 πύξ
2488 1788 2559 1832 tot
2574 1782 2703 1833 locis

325 1870 592 1938 Odysseae
628 1875 743 1935 quot
779 1868 947 1919 iliadis
1000 1869 1180 1934 legitur
1224 1873 1295 1930 (4,
1329 1871 1402 1931 4),
1437 1870 1655 1936 quoniam
1707 1868 1833 1937 apud
1879 1859 2146 1921 'Phaeaces
2199 1885 2389 1937 quoque
2441 1871 2704 1922 certamina

323 1959 533 2028 pugilum
568 1958 772 2011 eduntur
808 1959 936 2011 sicut
970 1959 1017 2009 iu
1053 1958 1181 2010 ludis
1215 1959 1496 2010 funebribus
1536 1961 1758 2011 Patrocli.
1831 1959 1977 2009 Addo
2013 1960 2297 2010 vocabulum
2331 1961 2582 2025 ἀγοστός
2611 1979 2706 2029 quo

324 2066 419 2102 uon
452 2067 573 2102 usus
620 2056 701 2101 est
740 2050 982 2101 Homerus
1025 2049 1119 2100 nisi
1164 2050 1211 2099 in
1256 2050 1459 2100 sonuola
1492 2051 1557 2101 de
1592 2052 1654 2101 iis
1698 2051 1774 2118 qui
1811 2052 2187 2101 transverberati
2231 2050 2412 2101 cadunt
2454 2053 2707 2118 quinquies

324 2140 485 2208 posita
519 2139 601 2189 ἕλε
634 2141 773 2203 γαῖαν
807 2141 1007 2202 ἀγοστῷ,
1043 2140 1122 2191 cui
1156 2140 1202 2188 in
1241 2138 1481 2206 Odyssea
1514 2142 1655 2191 locus
1692 2158 1783 2190 uon
1820 2132 1920 2190 fuit„
1992 2139 2222 2190 Ceterum
2259 2141 2497 2191 vocabula
2531 2141 2706 2207 siugu-

323 2233 470 2280 larum
506 2229 728 2295 corporis
761 2228 961 2296 partium
996 2230 1126 2282 ἅπαξ
1155 2228 1382 2293 εζοημένα
1416 2237 1528 2278 sunt
1565 2232 1670 2280 sere
1714 2229 1869 2279 omnia
1903 2230 1964 2278 cf.
2009 2227 2331 2280 Schneidew.
2400 2230 2574 2281 Phiioi.
2621 2231 2704 2295 vl,

324 2319 437 2370 239.
508 2316 697 2369 Eadem
733 2317 855 2369 ratio
890 2317 1077 2369 obtinet
1109 2318 1157 2368 in
1192 2336 1283 2369 usu
1319 2320 1568 2369 verborum
1605 2336 1730 2386 quae
1764 2335 2011 2388 corporum
2047 2319 2368 2387 proruentium
2387 2326 2439 2371 et
2472 2336 2703 2372 annorum

327 2426 446 2459 casu
493 2423 843 2459 concussurum
886 2409 1134 2476 strepitum
1171 2417 1222 2460 et
1255 2410 1500 2476 fragorem
1533 2410 1765 2474 indicant,
1799 2413 2041 2460 ὃουπεῖν
2077 2409 2188 2460 dico
2223 2416 2276 2460 et
2309 2409 2575 2476 ἀραβεῖν.
2628 2412 2705 2462 De

326 2500 468 2564 hujus
503 2499 640 2548 verbi
674 2500 841 2550 formis
878 2517 1015 2549 uuum
1052 2501 1271 2567 ἀράβησε
1304 2500 1654 2568 frequentatum
1691 2508 1785 2563 est,
1820 2499 1946 2567 quod
1982 2499 2153 2552 decem
2200 2499 2328 2551 locis
2372 2500 2539 2552 iliadis
2574 2502 2706 2568 legi·

325 2597 413 2651 tur,
448 2587 577 2639 uude
611 2590 766 2642 semel
800 2591 848 2641 in
882 2590 1090 2641 ultimum
1132 2591 1297 2641 librum
1332 2589 1603 2657 Odysseae
1651 2592 1926 2642 translatum
1971 2599 2052 2641 est
2092 2609 2134 2638 ω
2173 2592 2278 2642 525
2338 2591 2583 2656 (ἄραβος
2623 2593 2705 2640 ἆπ.

326 2679 411 2741 eqo.
447 2683 527 2729 est
577 2679 625 2727 K
653 2680 789 2741 3⁷5).
860 2681 939 2731 De
974 2681 1147 2747 viginti
1182 2679 1422 2748 exemplis
1456 2682 1593 2732 verbi
1628 2682 1817 2731 δουπέω
1864 2698 1985 2747 quae
2031 2688 2141 2730 sunt
2184 2681 2230 2729 in
2269 2679 2421 2729 iliade
2465 2680 2706 2731 duodevi-

325 2768 449 2835 ginti
482 2767 688 2820 eandem
723 2770 895 2822 aoristi
930 2770 1066 2838 primi
1101 2773 1300 2821 sormam
1337 2769 1587 2835 exhibent,
1621 2772 1669 2822 in
1688 2771 1923 2839 Odyssea
1959 2770 2146 2821 duobus
2181 2770 2310 2820 locis
2356 2770 2502 2820 modo
2541 2772 2701 2821 citatis

325 2858 503 2925 legitur
540 2874 576 2922 χ
607 2860 676 2912 94
716 2878 759 2909 ω
791 2860 892 2912 525
945 2855 1326 2922 (substantivum
1372 2862 1549 2918 δοῦπος
1579 2864 1642 2923 8,
1676 2864 1748 2925 5).
1836 2862 2011 2912 Restat
2053 2868 2102 2910 ut
2147 2861 2298 2911 verba
2339 2862 2535 2913 afferam
2580 2877 2703 2927 quae

326 2947 568 2999 notionem
601 2949 844 3016 spoliandi
878 2956 960 3000 aut
992 2950 1146 3001 solam
1181 2952 1360 3001 habent
1410 2958 1492 3000 aut
1542 2952 1724 3001 notioni
1776 2950 2036 3003 occidendi
2078 2951 2382 3019 subjunctam
2426 2958 2505 3002 aut
2546 2949 2704 3002 solam

329 3035 610 3090 occidendi:
655 3041 857 3090 συλάω
889 3041 980 3104 21,
1015 3045 1048 3092 0
1092 3043 1319 3091 συλεύω
1368 3044 1426 3107 2,
1469 3045 1504 3094 θ
1555 3042 1739 3106 ἔναρα
1795 3045 1877 3105 12,
1926 3043 1960 3093 0
2007 3042 2337 3109 βροτόεντα
2370 3045 2423 3103 9,
2471 3042 2505 3091 0
2550 3041 2708 3107 (quod

331 3129 488 3182 octies
523 3144 629 3180 cum
663 3129 813 3196 ἔναρα
846 3132 1002 3185 semel
1037 3148 1143 3185 cum
1179 3133 1445 3197 ἀνδράγριαὶ
1478 3135 1782 3200 conjunctum
1836 3136 1936 3196 est)
1987 3133 2235 3197 ἐναρίζω
2273 3134 2356 3195 13,
2406 3133 2440 3180 0
2490 3131 2705 3186 ἐξενα-

324 3221 464 3284 ριςω
499 3221 579 3283 34,
612 3222 647 3273 2
697 3222 752 3284 (λ
784 3222 886 3275 272
931 3225 959 3272 d
999 3222 1044 3272 δ’
1077 3223 1130 3273 a»
1178 3222 1338 3285 πατέρ’
1386 3224 1658 3287 ἐξεναρίξας
1696 3224 1848 3290 [ἦμεν
1904 3241 1937 3287 χ
1971 3227 2072 3277 264
2131 3224 2285 3290 ἡμέας
2322 3222 2587 3286 &seraptem
2632 3223 2711 3272 ἐπε
