3103 3955
1423 240 1461 288 5

252 384 536 435 diversitate
574 382 883 444 derivandaS‚
918 381 1044 448 quod
1080 388 1238 433 restet
1281 382 1419 433 casui
1471 398 1593 434 esse
1631 383 1940 435 tribuendum.
2014 383 2108 444 Qui
2142 388 2303 435 autem
2337 384 2632 450 reputaverit

250 491 343 525 non
395 475 537 526 modo
589 474 775 539 utrique
828 472 1027 523 carmini
1080 471 1461 523 diversissimam
1525 473 1795 539 subJeetam
1857 490 1976 524 esse
2043 474 2288 525 materiam
2340 473 2435 525 sed
2488 475 2631 524 etiam

250 571 492 630 utrumque
527 581 649 614 suae
685 563 914 613 materiae
943 579 1002 612 se
1021 564 1272 613 continere
1309 563 1447 628 quasi
1474 563 1671 626 finibus,
1706 563 1751 613 is
1789 580 1882 613 non
1903 564 2145 614 mirabitur
2176 565 2224 614 in
2260 565 2493 616 alterutro
2523 565 2630 631 plu·

251 657 366 705 rima
401 655 605 723 reperiri
649 669 772 719 quae
807 653 853 702 in
891 653 1046 703 altero
1083 653 1260 704 desint.
1331 653 1464 704 Tota
1499 653 1654 705 Iliade
1690 669 1905 721 campum
1941 653 2071 703 illum
2106 659 2347 719 patentem
2390 653 2438 704 in
2476 655 2632 704 oculis

250 747 478 797 babemus
530 745 609 795 hic
644 744 830 809 Trojae
882 744 1027 793 muris
1069 744 1171 794 illic
1224 743 1518 794 Achivorum
1571 744 1750 794 castris
1805 744 2117 806 terminatum,
2171 760 2361 808 quorum
2414 746 2628 795 tentoria

249 837 392 886 muris
427 834 680 901 turrigeris
716 834 859 883 fossa
878 834 1005 883 vallo
1025 833 1201 883 munita
1219 841 1342 883 sunt.
1415 834 1685 901 Undique
1721 841 1772 883 ut
1808 851 1914 884 cum
1949 835 2099 883 latino
2121 833 2288 883 iliadis
2315 835 2630 900 epitomatore

252 927 404 976 dicam
441 932 823 990 consurgunt
856 926 1061 985 acies,
1099 924 1556 990 horrendisque
1592 934 1766 975 sonat
1802 926 2179 975 clamoribus
2214 924 2451 986 aether,

731 1045 795 1087 Et
825 1046 976 1089 modo
1007 1045 1259 1102 Trojauis
1296 1047 1462 1090 virtus
1494 1046 1639 1090 modo
1677 1047 1869 1090 crescit
1897 1046 2121 1089 Achivis

728 1124 995 1183 Laetaque
1023 1140 1112 1184 per
1140 1126 1312 1171 varios
1342 1125 1545 1183 petitur
1573 1125 1795 1169 victoria
1825 1141 1994 1171 casus,

383 1242 672 1309 Spectamus
694 1239 848 1290 duces
867 1241 1104 1306 agminum
1124 1242 1270 1307 galea
1300 1248 1443 1293 scuto
1461 1242 1625 1292 ocreis
1662 1248 1887 1305 armatos,
1908 1242 1971 1293 de
1992 1243 2210 1293 curribus
2231 1257 2289 1291 se
2309 1241 2514 1291 invicem
2536 1257 2626 1308 pe-

254 1340 439 1393 tentes3
475 1333 707 1398 ingentes
743 1331 918 1382 hastae
953 1333 1117 1382 volant
1152 1333 1344 1399 longam
1379 1332 1700 1400 projicientes
1735 1334 1956 1396 umbram,
1995 1332 2373 1383 transverberati
2412 1332 2458 1381 hi
2494 1332 2630 1399 proni

252 1430 386 1471 ruunt
421 1423 490 1471 illi
526 1423 700 1490 supini,
737 1422 1009 1471 cadentium
1044 1439 1173 1471 arma
1217 1423 1551 1474 concutiuntur
1586 1438 1691 1472 cum
1738 1440 1911 1488 magno
1948 1424 2173 1489 fragore,
2210 1422 2380 1472 stratis
2416 1422 2631 1472 victores

249 1528 379 1562 arma
415 1511 682 1574 detrahunt,
718 1518 882 1561 terra
926 1521 974 1561 ut
1010 1513 1078 1561 ait
1112 1512 1316 1575 Ennius,
1352 1512 1529 1563 sudat
1563 1513 1873 1579 sanguine.
1956 1514 2008 1562 ln
2046 1512 2285 1579 Odyssea
2328 1512 2426 1561 alia
2463 1512 2634 1562 onmia.

249 1603 350 1651 Aut
394 1603 518 1653 enim
570 1609 712 1653 extra
748 1604 908 1654 orbem
953 1611 1111 1653 notum
1149 1604 1403 1671 abripimur
1436 1611 1485 1653 ut
1522 1603 1813 1670 speciosa
1866 1610 2146 1670 stupeamus
2198 1602 2349 1653 maris
2386 1602 2635 1668 longinqui

251 1692 534 1743 miracula
585 1693 1006 1760 navigantiumque
1053 1694 1268 1760 angimur
1319 1693 1579 1762 periculiS,
1633 1693 1740 1744 sive
1793 1693 1855 1744 ad
1900 1695 2084 1744 insulas
2137 1710 2348 1759 orasque
2401 1701 2632 1743 terrorum

251 1782 427 1848 plenas
463 1783 767 1849 appelluntur
801 1784 909 1834 sive
948 1784 1163 1834 laborant
1216 1786 1443 1851 magnis
1495 1784 1877 1834 turbantibus
1927 1801 2191 1850 aequora
2244 1785 2478 1852 ventis,
2545 1788 2634 1832 Aut

249 1874 295 1920 in
334 1872 502 1922 domus
538 1890 709 1939 regum
748 1875 1090 1926 introducimur
1123 1884 1381 1941 argento
1417 1876 1682 1941 fulgenti
1717 1891 1978 1940 auroque
2023 1873 2396 1924 renidentes
2433 1874 2631 1924 citha-

251 1962 335 2011 ris
372 1963 701 2013 reboantes
739 1964 816 2013 ubi
850 1965 966 2014 laeti
1004 1966 1324 2015 convivantes
1378 1965 1579 2031 epulis
1623 1965 1893 2030 jucunde
1948 1981 2202 2031 corpora
2259 1970 2495 2026 curant,
2540 1964 2631 2012 lio-

250 2051 500 2118 spitesque
537 2052 662 2103 fessi
698 2055 1107 2121 appropinquutes
1136 2074 1165 2104 a
1200 2056 1430 2105 matronis
1468 2056 1577 2105 cibo
1614 2055 1897 2120 balneisque
1933 2056 2167 2105 foventur.
2241 2055 2449 2103 intanta
2476 2070 2632 2103 rerum

249 2141 535 2193 diversitate
571 2144 720 2194 verba
755 2162 846 2195 non
882 2163 1035 2213 posse
1072 2163 1163 2195 uon
1202 2146 1402 2197 diversa
1437 2162 1558 2197 esse
1594 2162 1682 2212 per
1716 2162 1775 2196 se
1809 2154 1958 2213 patet.
2029 2147 2115 2196 Sin
2138 2151 2297 2194 autem
2330 2144 2457 2210 quod
2477 2146 2631 2194 raris-

251 2232 371 2282 sime
406 2232 584 2283 factum
621 2242 716 2299 est,
751 2237 951 2287 alterum
987 2246 1176 2287 carmen
1229 2237 1353 2288 fines
1408 2253 1528 2288 suos
1571 2235 1926 2303 transgreditur
1961 2244 2008 2287 et
2060 2237 2105 2285 in
2161 2243 2445 2302 argumento
2500 2236 2629 2302 quod

250 2323 389 2373 alteri
424 2324 661 2392 proprium
707 2337 785 2379 est
822 2328 1154 2396 exspatiatur,
1207 2346 1312 2379 cum
1350 2328 1496 2380 rebus
1531 2327 1632 2380 illic
1682 2329 1885 2378 narra-tis
1922 2329 2064 2378 etiam
2111 2328 2259 2376 verba
2299 2327 2401 2376 illic
2452 2327 2630 2376 usitata

250 2412 603 2467 adsciscuntur.

385 2553 464 2604 Ea
498 2556 736 2606 vocabula
773 2573 895 2622 qnae
931 2557 977 2606 in
1014 2557 1167 2607 altero
1221 2555 1431 2606 carmine
1484 2555 1752 2621 frequentia
1804 2562 1915 2605 sunt
1967 2555 2011 2603 in
2059 2554 2214 2604 altero
2268 2561 2351 2603 aut
2390 2569 2501 2602 raro
2545 2562 2626 2602 aut

250 2661 493 2709 numquam
523 2644 823 2708 adhibentur,
860 2647 1110 2697 maximam
1143 2653 1324 2714 partem
1362 2646 1552 2695 nomina
1586 2654 1696 2696 sunt
1732 2645 1838 2695 sive
1876 2645 2181 2695 substantiva
2217 2644 2325 2693 sive
2359 2642 2621 2707 adjectiva.

251 2734 416 2783 Verba
451 2751 545 2785 non
583 2736 734 2787 multa
761 2725 1027 2788 enumerari
1053 2744 1256 2804 possunt
1281 2752 1404 2802 qnae
1432 2744 1513 2786 aut
1532 2737 1640 2787 sola
1660 2737 1773 2785 llias
1808 2735 1985 2785 habeat
2019 2741 2102 2783 aut
2136 2733 2243 2784 sola
2261 2731 2522 2799 Odyssea,
2559 2749 2624 2783 ex

249 2824 446 2890 reliquis
481 2825 698 2892 partibus
735 2827 966 2877 orat-iouis
1004 2829 1300 2893 paucissima
1341 2828 1436 2877 huc
1487 2828 1743 2893 pertinent.
1829 2826 2108 2891 Priusquam
2161 2830 2345 2885 autem,
2396 2823 2454 2884 id,
2497 2823 2620 2889 quod

248 2915 494 2982 proposui,
528 2933 816 2968 recenseam
854 2919 1071 2985 singula,
1116 2927 1197 2969 est
1240 2918 1366 2986 quod
1410 2935 1626 2969 moneam
1673 2918 1742 2968 de
1778 2915 2118 2983 adjectivis
2154 2931 2304 2981 quae
2340 2932 2449 2965 usu
2484 2930 2623 2964 con-

251 3007 437 3057 stanti
474 3011 669 3059 certis
724 3010 1142 3061 substantivis
1185 3018 1571 3078 apponuntur.
1656 3010 1809 3059 Multa
1855 3008 1976 3059 enim
2030 3006 2336 3056 substantiva
2389 3023 2522 3072 quum
2574 3006 2625 3055 in

250 3109 449 3164 utroque
485 3101 693 3152 carmine
729 3102 1057 3165 inveniantur,
1093 3110 1142 3150 ut
1178 3109 1336 3152 tamen
1372 3102 1418 3151 in
1455 3102 1609 3152 altero
1654 3100 1800 3165 longe
1844 3099 2086 3162 longeque
2131 3098 2456 3163 frequentiora
2501 3096 2623 3146 sint:

251 3189 464 3255 epitheta
516 3189 598 3238 illa
652 3192 797 3241 solita
852 3209 1004 3259 saepe
1058 3192 1107 3241 in
1159 3191 1252 3242 hoc
1290 3199 1463 3242 tantum
1520 3189 1823 3242 admittuntur
1872 3187 1918 3237 in
1974 3204 2064 3253 quo
2110 3187 2416 3238 substantiva
2452 3186 2622 3237 iterum
