3202 3946
548 408 776 463 undecim
816 425 994 462 versus
1028 405 1316 459 clauduntur
1351 435 1418 445 -
1453 424 1612 475 neque
1648 409 1806 460 ceteri
1841 424 1989 460 casus
2022 407 2330 480 inveniuntur
2363 413 2521 476 neque
2557 409 2637 469 hie
2663 411 2710 461 iu
2737 411 2935 478 reliquis

549 517 730 552 versus
768 499 975 568 pedibus
997 497 1121 548 —in
1158 495 1400 565 Odyssea
1436 498 1616 550 frustra
1652 499 1906 565 quaeritur.
1966 497 2165 548 Ἔντεα
2198 499 2300 560 (31,
2334 500 2397 558 3)
2432 500 2561 567 quod
2596 507 2742 551 totam
2778 518 2938 552 arma-

549 599 699 642 turam
737 589 1091 656 complectitur,
1128 604 1222 638 uon
1257 589 1500 639 iuvenitur
1534 588 1628 639 nisi
1665 607 1691 637 τ
1732 590 1790 639 17
1843 591 1883 655 ᾧ
1916 589 2038 648 368,
2083 596 2343 655 praeterea
2376 607 2407 656 η
2442 592 2541 641 ⁴232
2585 589 2724 642 ἔντεα
2765 593 2935 650 δαιτός.

547 679 736 733 Contra
768 681 943 728 ὅπλον
979 685 1032 729 et
1065 680 1217 728 ὅπλα
1251 678 1466 746 pluribus
1502 678 1771 744 Odysseae
1807 696 1942 745 quam
1981 677 2312 731 lliadislocis
2346 678 2527 745 legitur
2559 661 2780 743 (θςζὶθ),
2814 698 2936 747 quo-

546 771 669 820 niam
705 786 799 820 non
836 769 983 820 modo
1021 786 1151 820 artua
1185 768 1277 819 sed
1312 769 1628 819 iustrumenta
1664 769 1886 836 cujusvis
1921 769 2040 821 artis
2074 768 2322 830 laborisve
2356 769 2555 833 indicat,
2588 751 2795 825 uia-xime
2814 789 2934 824 nau-

546 863 657 911 tica.
729 860 866 911 ldem
903 862 1034 911 valet
1072 861 1135 911 de
1169 861 1388 917 ὖπλίζω
1423 861 1489 924 (6,
1535 862 1626 922 14).

677 952 1069 1002 Metallorum
1106 950 1362 1011 nomina,
1399 950 1585 1016 utrique
1621 950 1819 1002 carmini
1855 949 2122 1002 eommunia
2157 955 2270 1000 sunt
2303 951 2462 1000 omnia
2503 961 2701 1018 praeter
2741 957 2932 1003 κασσί-

544 1059 722 1105 τερος
752 1043 819 1105 (9,
849 1046 927 1102 0),
963 1058 1056 1091 uon
1094 1056 1188 1106 quo
1223 1051 1443 1091 stamnum
1483 1041 1621 1102 (sive
1656 1039 1884 1107 quidquid
1920 1041 2016 1092 hoc
2052 1039 2240 1091 nomine
2274 1047 2487 1092 notatum
2523 1042 2628 1105 fuit)
2662 1042 2931 1109 Odysseae

543 1134 707 1199 poetis
742 1133 954 1198 ignotum
993 1131 1160 1191 suerit,
1208 1131 1301 1181 sed
1357 1131 1485 1196 quod
1520 1131 1618 1180 illis
1654 1130 1950 1197 temporibus
1998 1129 2060 1181 ad
2114 1146 2241 1181 arma
2291 1130 2593 1196 potissimum
2640 1131 2933 1184 obducenda

543 1221 938 1289 emblematisque
953 1221 1188 1271 varianda
1224 1221 1414 1272 videtur
1448 1220 1708 1286 adhibitum
1744 1237 1882 1271 esse.
1933 1221 2062 1271 Nam
2099 1237 2234 1286 quum
2270 1220 2317 1270 in
2340 1221 2491 1272 lliade
2519 1222 2714 1288 legatur
2739 1224 2930 1286 novies,

544 1320 657 1364 octo
694 1313 821 1363 locis
859 1328 1020 1362 sermo
1058 1318 1140 1363 est
1174 1312 1237 1364 de
1275 1321 1446 1361 stanno
1466 1312 1637 1362 aeneis
1674 1312 1818 1361 armis
1853 1311 2006 1373 inlito,
2043 1328 2135 1361 uuo
2181 1312 2224 1359 Ψ
2245 1314 2345 1362 503
2381 1310 2721 1383 describuntur
2744 1314 2931 1377 ᾅσματα

538 1407 703 1466 χρυσῷ
747 1403 1087 1465 πεπυκασμένα
1135 1402 1397 1465 κασσιτέρῳ
1446 1418 1510 1450 τε.
1597 1400 1866 1468 Epitheton
1918 1402 2051 1452 aeris
2103 1401 2295 1466 νῶροῷ
2346 1401 2423 1463 (6,
2458 1402 2520 1465 2)
2572 1419 2659 1454 cur
2693 1402 2930 1471 Odyssea

539 1510 634 1544 non
674 1493 853 1543 habeat
888 1491 982 1543 nisi
1017 1492 1063 1541 in
1103 1510 1251 1543 versu
1288 1510 1355 1542 ex
1394 1492 1544 1542 lliade
1591 1492 1636 1541 in
1676 1501 1967 1557 postremum
2012 1493 2178 1543 librum
2226 1492 2301 1542 bis
2345 1494 2582 1543 translato
2630 1494 2780 1557 αὐτὰρ
2823 1495 2936 1544 ἐπεί

535 1583 583 1645 ῥ’
619 1583 818 1633 ἕσσαντο
852 1582 961 1646 περὶ
990 1583 1105 1647 χροῒ
1136 1584 1326 1644 νώροπα
1357 1584 1531 1647 χαλκόν
1564 1600 1605 1629 ω
1642 1583 1757 1640 407,
1791 1583 1915 1632 50οε
1967 1582 2017 1631 id
2073 1582 2401 1649 explicatione
2426 1585 2530 1650 jam
2576 1600 2669 1634 non
2705 1583 2929 1652 indigere

538 1680 669 1741 puto.
764 1673 855 1725 His
892 1673 1112 1725 omnibus
1147 1682 1305 1724 autem
1343 1672 1672 1723 consideratis
1707 1682 1910 1739 apparet
1944 1674 2087 1723 etiam
2126 1690 2211 1723 cur
2242 1673 2539 1724 voeabula
2575 1674 2928 1742 splendoris

542 1772 599 1816 et
634 1765 862 1815 nitoris
899 1765 1059 1814 multis
1095 1765 1312 1831 partibus
1348 1763 1678 1828 frequentiora
1713 1771 1824 1813 suut
1858 1764 1906 1812 in
1947 1764 2115 1825 iliade,
2150 1764 2323 1830 quippe
2342 1763 2420 1813 ubi
2439 1764 2592 1814 toties
2608 1782 2738 1815 arma
2758 1766 2928 1832 splen-

540 1855 707 1905 dentia
743 1855 1108 1905 describant-urz
1146 1855 1458 1917 παμφαίνω
1493 1859 1541 1913 8,
1577 1858 1610 1903 0
1646 1853 1922 1919 (quinquies
1960 1853 2023 1903 de
2060 1853 2226 1916 armis)
2261 1854 2622 1917 παμφανόων
2665 1856 2749 1918 Ι5,
2785 1857 2818 1905 4
2858 1857 2927 1917 (in

540 1945 697 1996 iliade
733 1945 907 1996 decies
944 1944 1008 1995 de
1043 1944 1218 2003 armis)
1251 1944 1578 2006 μαρμαίρω
1613 1947 1662 2005 9,
1697 1947 1730 1994 0
1783 1943 2004 2008 (septies
2055 1942 2120 1992 de
2172 1943 2341 1998 armis)
2389 1944 2507 2004 λάμ
2524 1960 2611 1991 πω
2665 1951 2716 1994 et
2773 1949 2928 1996 semel

537 2035 855 2097 λαμπετόω
890 2037 945 2085 ’21
974 2037 1015 2097 ,Ι
1059 2035 1124 2095 (in
1163 2034 1214 2083 ll.
1254 2034 1530 2101 plerumque
1569 2032 1631 2084 de
1668 2033 1829 2095 arinis,
1865 2034 2015 2099 5b29⁰
2050 2032 2228 2082 δαΐδων
2262 2032 2351 2081 ὕπο
2402 2034 2765 2095 λαμπομενάων)
2800 2037 2927 2099 λαμ-

540 2127 683 2188 πρός
723 2127 795 2186 10,
840 2128 856 2173 l
916 2126 982 2188 (in
1023 2124 1179 2175 lliude
1216 2123 1470 2190 quinquies
1508 2123 1570 2175 de
1607 2124 1780 2186 armis,
1834 2141 1857 2173 τ
1891 2124 1989 2173 432
2032 2124 2248 2186 λαμπρὸς
2290 2122 2332 2170 δ’
2384 2124 2441 2187 ἦν
2475 2123 2634 2187 ἠέλιος
2674 2125 2780 2186 ὥς);
2835 2128 2928 2176 sed

540 2218 886 2281 λαμπτῆρες
917 2216 994 2281 qui
1030 2215 1078 2264 in
1117 2214 1354 2280 Odyssea
1390 2222 1466 2265 ter
1502 2222 1819 2265 memorantur
1853 2214 1899 2262 in
1940 2213 2094 2263 lliade
2131 2214 2245 2262 nulli
2292 2222 2415 2262 sunt.

676 2306 768 2354 His
824 2305 1063 2354 enarratis
1116 2313 1316 2353 transeo
1378 2304 1440 2352 ad
1495 2306 1678 2353 verba
1729 2303 1940 2367 quibus
1998 2302 2168 2350 varia
2211 2308 2272 2351 et
2325 2302 2686 2367 proeliorum
2742 2320 2927 2355 casus·

539 2394 1030 2445 vicissitudines
1069 2401 1373 2454 notantur,
1411 2408 1534 2459 quae
1571 2392 1742 2459 paucis
1778 2390 2007 2458 exceptis
2044 2391 2202 2440 omnia
2238 2391 2373 2442 lliadi
2391 2394 2583 2459 propria
2610 2402 2735 2443 suut.
2789 2395 2927 2456 Quo-

539 2502 635 2535 rum
673 2485 823 2552 prima
869 2502 1037 2552 ponam
1076 2501 1137 2534 ea
1172 2500 1297 2548 quae
1334 2484 1379 2533 in
1433 2486 1611 2549 pugnis
1659 2483 1988 2548 singularibus
2040 2481 2367 2547 depingendis
2405 2485 2646 2534 Homerus
2696 2486 2926 2552 frequen-

540 2575 669 2625 tavit.
745 2576 854 2625 Huc
889 2574 1132 2641 pertinent
1167 2576 1320 2624 verba
1354 2591 1479 2640 quae
1515 2575 1606 2622 vim
1646 2573 1888 2624 caedendi
1925 2572 2173 2640 pungendi
2209 2574 2452 2641 rumpendi
2490 2575 2690 2626 habent:
2736 2577 2926 2625 νύσσω

540 2670 622 2726 25,
675 2669 691 2715 l
745 2669 802 2725 (Ξ
833 2667 935 2716 458
970 2666 1140 2727 ἀγκῶνι
1176 2666 1336 2726 νύξας)
1372 2667 1689 2729 ἀποτμήγω
1722 2666 1771 2725 6,
1807 2667 1840 2715 0
1893 2669 2027 2722 (nam
2064 2679 2092 2711 κ
2126 2665 2225 2712 4⁴⁰
2276 2665 2352 2714 ubi
2389 2665 2610 2716 seberus
2655 2666 2928 2731 ἀποτμήξας

541 2757 703 2804 habuit
740 2772 864 2806 nunc
899 2755 1178 2819 ἀποπλήξας
1210 2755 1405 2820 legitur)
1436 2756 1687 2819 ῥήγνυμι
1724 2753 1803 2804 vel
1833 2755 2036 2817 ῥήσσω
2070 2753 2165 2813 48,
2225 2756 2239 2803 Ι
2297 2756 2351 2816 (μ
2387 2755 2484 2806 409
2530 2753 2686 2819 ἔρῤηὲ
2736 2756 2924 2819 ἀνέμοιο

537 2847 730 2908 θύελλα)
767 2846 1111 2910 ἀναῤῥήσσω
1155 2849 1211 2904 3,
1255 2847 1288 2893 0
1336 2846 1605 2910 ἑκρήσσω
1657 2844 1704 2904 ’2,
1755 2850 1788 2893 0
1842 2843 2181 2906 ἐπιῤῥήσσω
2240 2845 2288 2903 Ι,
2334 2845 2369 2893 0
2419 2845 2731 2909 συῤῥήσσω
2781 2850 2838 2908 0,
2898 2851 2918 2898 Ι

539 2940 597 2997 [19
637 2938 731 2985 1:37
785 2939 960 2983 κακοῖσι
996 2936 1302 3001 συνέρρηκται
1339 2934 1600 2994 πολέεσσιν)
1636 2934 1986 2997 ῦποῤῥήσσω
2021 2933 2069 2991 2,
2105 2937 2150 2984 0.
2218 2932 2409 2984 Deinde
2446 2934 2522 2984 his
2565 2933 2920 2988 adnumeranda

540 3027 708 3090 quibus
747 3024 1058 3076 concutiendi
1087 3038 1138 3074 et
1173 3023 1392 3075 vibrandi
1430 3024 1562 3074 notio
1599 3025 1826 3089 subJeeta
1861 3031 1965 3072 est:
1998 3025 2301 3086 πελεμίζω
2343 3026 2415 3084 10,
2446 3028 2460 3074 Ι
2503 3024 2672 3086 (φ125
2708 3027 2806 3088 τρὶς
2830 3029 2920 3090 μέν

537 3130 615 3177 μιν
656 3115 903 3178 πελέμιξεν
940 3117 1142 3177 (areum)
1177 3114 1463 3177 ἐρύσσεσθαι
1494 3113 1776 3176 μενεαίνων)
1823 3113 2172 3174 ἀμπεπαλὼν
2208 3116 2264 3176 8,
2299 3120 2331 3164 2
2386 3120 2449 3176 (ω
2482 3116 2607 3177 519,
2657 3117 2757 3167 522
2795 3133 2917 3184 quos

527 3207 629 3270 jam
667 3223 810 3273 supra
848 3204 982 3256 attuli
1021 3205 1064 3253 in
1103 3205 1342 3272 exemplis
1379 3205 1581 3273 epitheti
1617 3206 1934 3270 δολιχόσκιον).
1985 3207 2258 3271 Sequantur
2283 3220 2407 3272 quae
2435 3212 2606 3257 motum
2627 3207 2915 3259 concitatum
