3113 3968
1696 267 1738 316 6

512 416 780 481 iterumque
814 413 1034 465 redeunt.
1105 413 1260 463 Velut
1295 428 1433 478 quum
1479 414 1637 462 omnia
1670 414 1822 463 verba
1856 428 2063 479 pugnam
2101 412 2426 478 significantia
2470 414 2516 463 in
2556 414 2709 464 lliade
2746 415 2903 480 potis-

514 505 681 555 simum
717 504 958 556 celebrari
995 509 1379 559 consentaneum
1413 508 1508 561 est,
1544 507 1641 551 tum
1677 502 1958 554 vocabulum
1987 503 2136 567 μάχη,
2172 508 2224 551 ut
2241 510 2398 554 tamen
2420 502 2562 553 etiam
2597 503 2645 553 in
2667 503 2902 570 Odyssea

513 613 608 646 non
644 612 755 646 raro
788 601 1073 656 usurpetur:
1110 592 1203 644 sed
1239 593 1485 660 epitheton
1521 594 1792 656 κυδιάνειρα
1827 592 1953 659 quod
1987 593 2035 641 iu
2073 591 2224 642 lliade
2254 594 2415 644 octies
2441 594 2714 661 appositum
2734 604 2814 645 est
2831 601 2901 656 ¹¹),

512 687 560 735 in
598 686 835 753 Odyssea
870 700 935 735 ne
970 685 1128 735 semel
1162 683 1351 750 quidem
1395 681 1588 747 legitur.
1673 684 1906 733 Nimirum
1950 700 2043 750 quo
2087 684 2387 750 frequentius
2432 684 2628 752 aliquod
2676 686 2901 734 substan-

511 776 658 826 tivum
692 774 962 842 requiritur,
998 790 1060 825 eo
1096 773 1297 841 saepius
1333 773 1537 823 occasio
1572 773 1626 822 fit
1660 775 1863 841 epitheti
1899 774 2160 842 adjiciendi
2187 783 2270 824 ant
2288 782 2485 825 ornatus
2514 776 2900 826 accuratiorisve

512 865 808 918 definitionis
843 882 991 916 causa
1026 871 1107 915 aut
1140 869 1190 914 ut
1224 880 1402 915 versus
1438 863 1753 929 compleatur.
1833 864 2091 933 Ejusmodi
2128 864 2339 916 binorum
2381 865 2722 916 vocabulorum
2777 881 2900 917 con-

502 957 791 1023 junctiones
825 954 1164 1024 postquam‘in
1199 955 1430 1005 formulas
1465 954 1648 1015 abiere,
1684 972 2029 1022 nonnumquam
2079 963 2245 1006 certos
2289 971 2513 1006 versuum
2558 956 2709 1006 locos
2746 971 2899 1007 occu-

511 1065 632 1114 pare
675 1054 857 1109 amant,
911 1046 1119 1097 maxime
1165 1046 1413 1096 clausulas
1450 1053 1501 1095 ut
1540 1027 1674 1110 μαχῇ
1714 1068 1752 1082 ν
1774 1068 1818 1081 v
1863 1050 2146 1108 κυδιανειρα.
2237 1043 2469 1098 Ceterum
2524 1047 2586 1097 de
2644 1047 2738 1096 hoc
2793 1053 2896 1105 toto

510 1154 699 1204 genere
734 1153 828 1188 non
862 1136 932 1186 ita
966 1135 1273 1187 statuendum
1309 1144 1406 1197 est,
1441 1136 1580 1201 quasi
1614 1144 1795 1203 poetae
1831 1137 1961 1203 epici
1997 1138 2142 1203 leges
2188 1135 2419 1202 quasdam
2466 1137 2560 1188 sihi
2607 1137 2896 1203 scripserint

512 1245 631 1295 quas
682 1227 825 1278 nefas
877 1226 1131 1278 habuerint
1181 1243 1505 1294 perrumpere.
1589 1227 1717 1276 Nam
1769 1244 1862 1275 non
1925 1229 2071 1278 multa
2116 1227 2335 1294 epitheta
2377 1228 2538 1278 afferri
2584 1237 2814 1295 possunt,
2850 1228 2895 1275 in

511 1335 704 1384 quorum
738 1335 831 1368 usu
866 1335 961 1368 non
998 1317 1154 1368 semel
1188 1317 1270 1368 vel
1304 1317 1474 1367 iterum
1511 1335 1540 1366 a
1575 1317 1722 1367 solita
1757 1318 1945 1367 ratione
1989 1317 2264 1368 discessum
2310 1318 2396 1367 sit:
2446 1336 2539 1384 qna
2586 1319 2649 1368 de
2694 1336 2747 1368 re
2796 1318 2895 1366 dixi

506 1409 554 1457 in
599 1407 993 1460 Schneidewinii
1037 1407 1298 1474 Philologo
1359 1408 1474 1457 Vol.
1513 1408 1591 1457 vl.
1627 1425 1675 1474 p.
1709 1405 1823 1457 247.
1915 1407 2025 1459 Sed
2073 1408 2223 1458 redeo
2269 1407 2331 1457 ad
2387 1409 2603 1474 epitheta
2646 1410 2694 1458 iu
2740 1409 2894 1458 altero

509 1497 721 1548 carmine
756 1504 935 1548 tantum
970 1497 1186 1548 adhibita
1233 1497 1281 1546 in
1330 1514 1426 1564 quo
1480 1497 1781 1548 substantiva
1828 1498 1999 1563 quibus
2050 1511 2351 1565 apponuntur
2401 1499 2732 1565 frequentiora
2767 1506 2891 1549 sunt.

506 1588 587 1638 De
623 1588 763 1654 equis
797 1588 846 1638 in
896 1587 1135 1655 Odyssea
1170 1587 1251 1638 hic
1285 1587 1389 1638 illic
1425 1604 1585 1638 sermo
1623 1592 1725 1647 est,
1761 1587 1807 1636 in
1863 1587 2018 1639 Iliade
2069 1588 2153 1637 vix
2187 1589 2329 1638 ullum
2375 1589 2657 1639 vocabulum
2695 1589 2894 1654 saepius

505 1679 687 1745 legitur
722 1697 859 1746 quam
895 1679 1047 1743 ἵππος,
1083 1677 1213 1729 unde
1250 1678 1468 1746 epitheta
1504 1692 1731 1744 equorum
1767 1679 1872 1728 sere
1909 1678 2005 1728 soli
2041 1677 2178 1728 madi
2213 1679 2405 1746 propria
2425 1687 2557 1729 sunt:
2593 1680 2897 1734 ὠκύποδες·

507 1772 693 1833 11‚**)
746 1774 793 1822 2.
830 1774 890 1835 (σ
921 1771 1021 1822 262
1055 1772 1094 1838 ψ
1129 1771 1249 1835 245)
1280 1771 1551 1835 μώνυχες
1583 1771 1663 1833 32,
1703 1772 1726 1820 1
1767 1771 1933 1829 (046)
1971 1771 2321 1835 ἐριαύχενες
2351 1774 2408 1835 5,
2442 1773 2491 1834 0,
2527 1772 2784 1838 ύφηχέες
2818 1772 2893 1820 bis

503 1867 683 1923 tantum
717 1868 953 1915 vocantur
986 1863 1027 1914 E
1059 1861 1159 1914 772
1195 1870 1247 1914 et
1291 1862 1336 1912 Ψ
1363 1862 1446 1925 27,
1482 1862 1560 1914 ubi
1594 1863 1665 1914 A:
1700 1863 1928 1927 γράφεται
1982 1862 2185 1912 λύοντο
2236 1863 2304 1912 δὲ
2352 1863 2628 1928 μώνυχας
2674 1862 2892 1919 ἵππους.

503 1950 738 2005 Ceterum
772 1954 949 2006 nullum
984 1953 1148 2005 horum
1183 1951 1533 2020 adJectivorum
1570 1971 1675 2005 cum
1712 1953 1809 2004 alio
1846 1953 2151 2004 substantivo
2195 1954 2514 2020 conjungitur.
2588 1951 2711 2019 Ἀλκή
2748 1953 2890 2004 etiam

503 2044 549 2094 in
587 2043 826 2111 Odyssea
859 2045 1124 2111 aliquoties
1158 2052 1436 2111 usurpatum
1473 2053 1578 2108 est,
1613 2052 1662 2096 ut
1698 2055 1853 2096 tamen
1893 2045 1937 2094 in
1977 2045 2239 2094 clausulam
2274 2045 2321 2094 in
2364 2045 2515 2095 iliade
2541 2032 2890 2095 *celebratissi-

502 2151 623 2184 mam
676 2136 969 2198 θούριδος
1016 2136 1200 2200 ἀλκῆς
1255 2153 1392 2184 unum
1445 2141 1623 2185 tautum
1676 2135 2028 2187 hemistichium
2082 2143 2230 2184 exeat
2280 2152 2346 2185 ex
2401 2134 2551 2184 lliade
2600 2151 2889 2201 expressum

498 2229 738 2291 μνήσαντο
772 2228 830 2275 δὲ
864 2228 1089 2289 θούριδος
1120 2227 1270 2292 ἀλκῆς
1297 2227 1461 2275 δ527.
1568 2227 1720 2286 Quum
1758 2235 1915 2276 autem
1952 2230 2116 2289 θοῦρις
2148 2243 2253 2275 raro
2290 2226 2479 2276 dicatur
2514 2226 2608 2274 nisi
2645 2242 2749 2275 cnm
2772 2226 2889 2289 ἀλκή

504 2321 810 2383 conjunctum
846 2321 972 2380 (uam
1008 2318 1074 2367 de
1117 2318 1289 2384 viginti
1334 2334 1430 2366 sex
1469 2318 1635 2367 lliadis
1698 2319 1940 2384 exemplis
1986 2318 2156 2382 viginti
2202 2319 2304 2365 tria'
2331 2318 2457 2365 hanc
2502 2317 2888 2381 conjunctionem

503 2407 753 2470 exhibent)
787 2425 883 2458 nou
919 2408 1080 2456 mirum
1117 2415 1198 2456 est
1230 2408 1277 2456 in
1315 2407 1553 2473 Odyssea
1588 2409 1684 2457 hoc
1721 2408 1970 2474 epitheton
2008 2415 2202 2473 praeter
2235 2407 2362 2455 illum
2412 2424 2547 2454 unum
2593 2407 2749 2455 locum
2795 2423 2886 2453 non

500 2498 719 2548 inveniri.
805 2497 993 2550 Contra
1027 2500 1254 2549 nonnulla
1305 2499 1555 2565 adjectiva
1609 2514 1732 2565 quae
1784 2510 1865 2547 aut
1917 2501 1962 2546 in
2017 2498 2132 2547 mari
2167 2497 2495 2547 describendo
2541 2505 2624 2546 aut
2658 2497 2706 2544 in
2743 2497 2887 2545 rebus

505 2587 790 2638 domesticis
826 2590 1111 2640 enarrandis
1148 2591 1302 2641 locum
1341 2591 1533 2649 habent,
1569 2590 1615 2637 in
1657 2589 1806 2639 lliade
1842 2598 1922 2639 aut
1959 2605 2068 2637 raro
2104 2589 2327 2654 leguntur
2370 2598 2451 2638 aut
2506 2604 2750 2654 nusquam.
2821 2587 2887 2636 Et

504 2678 831 2740 ἀτρύγετος
863 2679 1069 2744 quidem,
1105 2680 1233 2746 quod
1268 2681 1314 2730 in
1351 2679 1594 2747 Odyssea
1647 2679 1919 2731 duodecies
1972 2680 2208 2746 reperitur
2251 2679 2506 2731 vocabulis
2553 2680 2639 2735 ἅλς
2669 2680 2884 2727 θάλασσα

503 2768 669 2824 πόντος
698 2768 982 2835 appositum,
1016 2771 1063 2820 in
1104 2770 1257 2822 lliade
1294 2787 1482 2837 quoque
1537 2777 1705 2836 quater
1757 2787 1860 2821 cum
1917 2768 2089 2820 iisdem
2142 2774 2447 2837 conjunctum
2503 2776 2585 2820 est
2637 2776 2687 2819 et
2731 2770 2884 2819 semel

501 2874 609 2907 cum
644 2857 785 2923 αἰθήρ
818 2858 857 2907 Ρ
886 2860 1000 2910 425.
1070 2861 1179 2912 Sed
1215 2861 1470 2925 ἁλμυράς
1503 2860 1630 2926 quod
1667 2861 1943 2927 qualitatem
1979 2877 2132 2926 aquae
2153 2861 2362 2911 marinae
2388 2861 2632 2927 siguificat
2648 2859 2884 2927 Odyssea

500 2948 610 2997 sola
646 2947 794 3007 habet
826 2952 898 3011 (0,
934 2951 1006 3011 S),
1039 2950 1151 3001 item
1188 2951 1346 3000 omnia
1380 2951 1637 3001 insularum
1674 2951 1920 3001 attributa:
1974 2950 2293 3006 εὐδείελος
2339 2953 2399 3013 0,
2449 2954 2476 3000 7
2536 2950 2729 3012 (sexies
2778 2967 2883 3001 cum

612 3165 653 3211 *)
682 3161 911 3205 Praeterea
940 3162 1070 3205 semel
1100 3156 1229 3223 ἆγορὴ
1261 3164 1513 3224 κυδιάνειρα
1545 3165 1586 3207 A
1616 3167 1713 3210 490.

586 3239 651 3293 ”)
685 3238 871 3285 Seberns
901 3241 1050 3285 decem
1080 3249 1240 3286 tantum
1271 3244 1461 3301 exempla
1492 3252 1721 3297 enumerat,
1753 3243 1893 3289 omisit
1924 3242 2036 3285 enim
2064 3241 2112 3284 M
2142 3244 2208 3287 51.
