3182 3949
1727 242 1767 291 S

543 405 637 438 non
674 404 704 439 e
744 389 988 439 sermonis
1024 388 1312 439 diversitate
1350 394 1464 437 nata
1517 389 1615 448 sit,
1668 395 1811 438 extra
1862 387 2205 438 dubitationem
2258 390 2468 454 positum
2522 405 2641 439 esse
2696 390 2936 441 existimo.

542 478 758 530 Accedit
794 479 921 545 quod
959 477 1228 544 ubicunque
1264 478 1478 528 narratio
1515 477 1786 544 Odysseae
1820 478 1866 527 in
1903 477 1994 526 has
2030 494 2113 526 res
2149 477 2336 539 incidit,
2371 481 2543 529 eadem
2579 481 2664 528 illa
2698 480 2936 531 vocabula

539 569 587 619 in
611 568 765 620 lliade
785 575 881 618 tam
898 568 1009 617 trita
1030 574 1379 628 recurrunt3ut
1397 568 1639 634 ejusmodi
1660 569 1939 619 locutiones
1975 584 2068 615 nou
2088 584 2155 617 ex
2191 567 2345 620 lliade
2382 584 2656 638 expressas
2675 570 2767 620 sed
2787 578 2838 621 ut
2871 571 2938 620 ita

544 659 704 711 dicam
741 678 806 710 ex
842 659 972 726 epici
1007 661 1253 710 sermonis
1287 675 1415 727 penu
1451 675 1574 724 quae
1621 660 1840 709 omnibus
1888 658 1965 708 his
2013 659 2173 725 poetis
2219 660 2482 710 communis
2527 661 2616 712 fuit
2661 660 2937 728 depromtas

544 767 666 801 esse
700 752 851 801 facile
885 751 1200 818 intelligatur.
1272 752 1401 800 Nam
1436 750 1700 813 φύλοπις
1729 748 1859 815 quod
1895 749 2012 800 llias
2057 747 2359 815 undeviginti
2404 750 2529 801 locis
2575 751 2744 811 habet,
2779 757 2856 801 ter
2890 752 2935 799 in

546 841 786 908 Odyssea
822 841 1088 891 admissum
1124 846 1222 891 est:
1258 841 1284 887 λ
1318 840 1417 891 313
1455 838 1518 889 de
1556 855 1720 905 pugna
1756 856 1892 904 quam
1931 838 2146 889 Aloidae
2183 840 2443 890 coelitibus
2479 841 2726 898 minantur,
2780 859 2815 888 π
2837 842 2937 891 ’268

546 929 609 979 de
649 946 820 996 pugna
854 930 990 981 Ulixi
1042 936 1092 980 et
1142 945 1334 979 suorum
1388 944 1493 977 cum
1546 928 1714 995 procis
1767 929 2133 988 committenda,
2167 930 2342 979 tertius
2376 930 2519 979 locus
2553 949 2594 977 ω
2626 932 2727 980 475
2778 947 2936 996 paene

541 1020 815 1070 immutatus
851 1036 919 1070 ex
955 1017 1108 1067 lliade
1143 1020 1176 1066 Δ
1219 1019 1277 1066 15
1334 1017 1599 1067 desumtus.
1668 1017 1828 1066 Etiam
1860 1020 2051 1081 μῶλος
2085 1018 2210 1084 quod
2253 1019 2301 1067 iu
2344 1019 2497 1070 lliade
2534 1020 2709 1070 sexies
2745 1020 2935 1086 legitur,

546 1111 704 1160 semel
739 1110 785 1158 in
822 1110 977 1158 altero
1014 1108 1226 1157 carmine
1261 1114 1537 1173 usurpatum
1576 1108 1756 1162 estde
1794 1109 2093 1174 pugilatione
2137 1125 2225 1173 qua
2270 1109 2445 1159 Ulixes
2493 1118 2543 1158 et
2588 1110 2692 1159 lrus
2749 1117 2935 1159 certant

546 1199 705 1250 0232.
744 1199 981 1248 Similiter
1006 1198 1135 1248 aliae
1155 1214 1312 1248 voces
1336 1198 1525 1263 quaein
1551 1197 1701 1247 lliade
1733 1197 1978 1247 tumultum
2007 1198 2533 1270 bellicum-significant
2552 1198 2599 1248 in
2621 1198 2856 1266 Odyssea
2874 1199 2935 1247 ad

547 1288 645 1338 alia
679 1287 915 1355 strepitus
953 1305 1142 1355 genera
1176 1288 1543 1347 transferuntur,
1579 1289 1707 1339 sicut
1742 1289 1967 1350 ὅμαδος
2007 1290 2079 1351 13,
2124 1291 2141 1337 Ι
2181 1288 2279 1338 illic
2324 1289 2600 1355 plerumque
2647 1289 2708 1339 de
2745 1307 2936 1357 pugna-

546 1396 645 1428 rum
681 1378 890 1440 fremitu,
925 1378 1006 1429 hic
1044 1378 1107 1429 de
1145 1396 1207 1428 eo
1244 1396 1338 1446 quo
1382 1378 1605 1446 Elpenor
1644 1380 1690 1427 in
1737 1385 1870 1428 tecto
1908 1377 2152 1428 dormiens
2195 1395 2222 1428 e
2267 1395 2436 1429 somno
2479 1379 2723 1431 excitatur
2764 1396 2792 1428 κ
2837 1381 2935 1430 558

547 1469 799 1532 κινυμένων
834 1468 878 1517 δ’
913 1471 1096 1532 ἑτάρων
1129 1470 1307 1533 ὅμαδον
1341 1469 1420 1518 καὶ
1454 1472 1629 1519 δοῦπον
1665 1470 1884 1528 ἀκούσας,
1921 1469 1998 1519 cui
2036 1470 2200 1519 versui
2237 1469 2572 1520 concinnando
2604 1487 2769 1520 ansam
2790 1488 2936 1537 prae-

545 1560 718 1610 buisse
753 1558 980 1610 videntur
1015 1559 1113 1611 loci
1151 1559 1319 1610 Iliadis
1359 1563 1376 1610 Ι
1414 1561 1518 1611 573
1564 1561 1607 1609 Ψ
1637 1561 1746 1610 234.
1820 1558 1948 1619 Quid
1986 1559 2113 1623 quod
2139 1560 2287 1609 verbo
2323 1544 2560 1622 ὁμαδέω
2595 1553 2788 1626 praeter
2822 1579 2935 1609 ver-

548 1667 653 1700 sum
687 1649 735 1699 in
775 1648 1014 1716 Odyssea
1050 1649 1305 1716 quinquies
1340 1650 1596 1716 repetitum
1644 1655 1911 1715 μνηστῆρες
1959 1648 2001 1696 δ’
2053 1651 2295 1714 ὁμάδησαν
2348 1651 2436 1697 ἀνὰ
2483 1651 2675 1713 μέγαρα
2727 1653 2936 1699 σκιόεντα

550 1739 795 1789 Homerus
833 1739 1024 1790 omnino
1059 1758 1294 1805 nunquam
1333 1758 1453 1790 usus
1490 1739 1606 1790 est?
1641 1740 1923 1807 φλοῖσβος
1955 1756 2048 1788 uon
2088 1739 2294 1790 est·nisi
2332 1739 2376 1789 in
2417 1739 2592 1802 iliade,
2628 1741 2706 1791 nbi
2743 1757 2937 1808 semper

549 1830 612 1879 de
647 1830 939 1898 proeliorum
977 1832 1182 1897 strepitu
1220 1830 1395 1881 dieitur
1429 1835 1535 1892 4‚0;
1574 1831 1636 1881 de
1673 1832 2120 1897 πολύφλοιςβος
2148 1832 2234 1892 6,Ι
2280 1830 2496 1896 epitheto
2532 1831 2675 1880 maris
2695 1832 2935 1880 multisoni

547 1921 672 1972 infra
710 1919 914 1973 dicetur.
982 1921 1093 1972 Jam
1131 1929 1333 1989 apparet
1369 1921 1533 1972 curin
1572 1939 1663 1971 usu
1717 1920 2057 1972 vocabulorum
2113 1939 2259 1986 quae
2313 1922 2576 1970 clamore
2593 1940 2634 1969 m
2689 1924 2936 1987 signifi-

549 2017 692 2063 cant
729 2018 905 2063 tantum
941 2010 1150 2080 intersit'⁴
1184 2011 1231 2062 in
1277 2019 1478 2077 utroque
1517 2011 1741 2062 carmine.
1811 2013 1937 2061 Nam
1959 2013 2247 2071 substantivi
2283 2013 2401 2077 ἀυτή
2438 2012 2553 2061 llias
2589 2028 2747 2078 paene
2767 2014 2940 2066 sexies

547 2108 682 2151 tanto
718 2101 856 2168 plura
893 2102 1120 2169 exempla
1157 2102 1303 2153 habet
1341 2120 1476 2168 quam
1515 2101 1753 2168 Odyssea
1791 2101 1900 2163 (23,
1935 2104 2017 2163 4),
2071 2102 2163 2150 sed
2218 2103 2366 2168 longe
2404 2105 2558 2167 maj0r
2593 2101 2824 2151 distantia
2859 2114 2938 2152 est

546 2193 673 2241 inter
708 2209 918 2241 summas
956 2192 1285 2258 exemplorum
1323 2193 1458 2241 verbi
1496 2193 1697 2240 ἀυτεῖν
1732 2191 1860 2257 quod
1894 2192 1995 2241 illic
2033 2191 2327 2257 quadragies
2364 2199 2560 2258 quater,
2605 2190 2684 2239 hic
2718 2191 2794 2240 bis
2829 2200 2939 2241 tan-

552 2290 646 2331 tum
682 2282 945 2332 invenitur-2
1000 2284 1034 2338 ζ
1066 2284 1156 2331 ΙΠ
1195 2283 1248 2330 αἱ
1278 2281 1321 2330 δ’
1363 2282 1443 2331 ἐπὶ
1490 2283 1672 2345 μακρὸν
1715 2282 1890 2341 ἄυσαν,
1944 2285 1970 2330 ὁ
2005 2281 2047 2329 δ’
2082 2280 2250 2344 ἔγρετο
2285 2285 2385 2338 δῖος
2413 2281 2660 2339 Ὀδυσσεύς
2691 2293 2739 2333 et
2793 2301 2835 2330 ω
2869 2285 2935 2333 59

546 2374 691 2436 ἧυσεν
725 2376 875 2438 φωνῇ,
909 2373 1028 2421 κατὰ
1064 2370 1108 2420 δ’
1144 2369 1319 2436 ἔσχεθε
1355 2373 1467 2422 λαὸν
1503 2375 1701 2422 ἅπαντα.
1772 2373 1850 2422 Ab
1888 2372 2029 2439 hujus
2067 2373 2203 2423 verbi
2240 2390 2331 2423 usu
2368 2373 2546 2440 pendet
2583 2391 2703 2424 usus
2722 2373 2938 2423 adverbii

546 2464 898 2526 διαπρύσιον
941 2464 989 2526 7,
1024 2466 1072 2525 0,
1127 2465 1255 2529 quod
1294 2463 1339 2513 ei
1378 2465 1517 2530 quasi
1563 2464 1765 2531 quodam
1819 2464 2080 2532 privilegio
2134 2464 2404 2516 adhaerere
2468 2466 2600 2515 solet
2654 2472 2787 2525 (nam
2844 2482 2939 2515 sex

546 2555 672 2605 locis
710 2570 816 2605 cum
853 2556 997 2619 ἤυσεν
1034 2557 1339 2622 conjunctum
1379 2562 1476 2618 est,
1513 2554 1718 2622 septimo
1764 2562 1846 2605 est
1881 2554 2061 2604 πεδίοιο
2104 2539 2377 2617 διαπρύσιον
2421 2558 2689 2622 τετυχηκώς
2727 2556 2768 2604 Ρ
2806 2557 2937 2615 748).

548 2644 754 2710 Reliqua
791 2651 951 2695 autem
991 2660 1116 2711 quae
1150 2643 1294 2696 modo
1332 2648 1593 2697 memoravi
1639 2645 1878 2696 vocabula
1931 2646 1992 2695 ab
2046 2644 2280 2711 Odyssea
2333 2664 2426 2695 non
2469 2663 2672 2713 prorsus
2709 2645 2937 2695 exsulare

548 2734 709 2797 videS‚
746 2734 923 2802 quippe
961 2751 1086 2801 quae
1122 2735 1258 2785 varia
1295 2735 1520 2786 clamoris
1557 2742 1609 2785 et
1644 2736 1878 2802 strepitus
1926 2753 2115 2802 genera
2168 2745 2337 2787 notare
2383 2737 2600 2804 possint3
2655 2735 2756 2785 sed
2785 2751 2936 2785 voca-

553 2824 711 2875 bulum
749 2824 977 2876 clamoris
1016 2825 1182 2877 bellici
1219 2826 1515 2892 ἀλαλητός
1544 2827 1611 2889 (8,
1653 2828 1703 2887 l)
1754 2827 1912 2877 locum
1967 2843 2062 2874 non
2115 2828 2296 2876 invenit
2345 2828 2438 2875 nisi
2492 2828 2538 2876 in
2591 2833 2730 2895 parte
2773 2827 2937 2894 spuria

546 2915 653 2966 libri
691 2916 920 2982 postremi
956 2935 998 2964 ω
1032 2917 1131 2967 462
1168 2918 1219 2965 οἱ
1249 2916 1292 2964 δ’
1327 2916 1401 2979 ἄρ’
1436 2917 1625 2982 ἀνήιξαν
1655 2918 1851 2981 μεγάλῳ
1885 2917 2124 2983 ἀλαλητῷ,
2161 2918 2287 2984 quod
2325 2918 2400 2985 qui
2437 2918 2639 2986 scripsit
2674 2916 2936 2967 clausulam

548 3023 612 3054 ex
638 3006 698 3055 M
730 3008 825 3056 138
864 3014 1069 3055 mutatus
1106 3016 1201 3056 est.

688 3098 815 3158 Quo
854 3098 1045 3164 magis
1082 3099 1268 3164 igitur
1303 3099 1552 3166 aliquod
1602 3099 1957 3151 vocabulum
2012 3100 2066 3152 in
2120 3117 2445 3168 pugnarum
2500 3098 2937 3168 descriptioni·

552 3189 1002 3260 bus'proprium
1040 3190 1232 3240 locum
1280 3190 1487 3253 habet,
1538 3207 1608 3242 eo
1663 3191 1854 3258 magis
1907 3192 1976 3242 ab
2030 3190 2312 3256 Odyssea
2367 3193 2620 3243 alienum
2675 3198 2800 3249 est,
2842 3190 2937 3238 etsi

1733 3947 1738 3949 .
1777 3918 3182 3949 „ifi—QQQ--ww
