3113 3968
1397 254 1430 297 ¹7

218 398 389 463 Ἰθάκη,
426 395 580 446 semel
617 411 722 445 cum
759 400 898 460 νῆσος
930 397 1263 460 conjunctum)
1300 396 1589 459 ἀμφιάλος
1618 397 1667 456 0,
1688 397 1720 445 5
1756 396 1937 455 (casus
1973 394 2080 443 tulit
2114 400 2165 443 ut
2199 409 2293 443 non
2319 393 2497 445 dictum
2534 395 2600 444 sit

223 487 316 537 nisi
351 485 414 536 de
451 486 635 547 ltbaca)
670 485 1000 549 ἀμφίροτος
1030 486 1131 545 0,4
1166 491 1266 544 (ter
1300 499 1408 536 cum
1442 490 1593 550 νῆσος,
1629 484 1786 534 semel
1820 498 1925 534 cum
1960 486 2078 544 Δῑα).
2149 482 2336 535 Contra
2370 485 2596 546 ἐρίὸου-

224 594 330 633 πος
361 575 487 643 quod
520 576 568 626 in
605 574 842 642 Odyssea
877 574 1180 626 substantivo
1217 572 1417 624 αἴθουσα
1450 572 1721 625 adhaerere
1755 572 1887 624 solet
1940 575 2071 635 (uam
2122 591 2217 625 uno
2266 580 2445 625 tantum
2487 573 2601 625 loco

221 668 399 733 legitur
433 667 631 730 ποταμοὶ
665 667 902 729 ἐρίὸοοποι
937 666 1001 715 K.
1036 667 1151 729 525,
1203 663 1401 714 αἴθουσα
1436 665 1688 728 ἐρίὸουπος
1716 673 1910 732 septem
1927 670 1980 724 ²⁵²³)
2034 681 2153 714 casu
2205 665 2384 717 factum
2428 674 2509 715 est
2555 672 2604 715 ut

221 759 375 808 semel
411 759 554 808 etiam
588 758 635 806 iu
681 755 834 806 lliade
882 756 1138 806 adhibitum
1188 756 1252 806 sit
1303 757 1486 804 ἀκτάων
1532 757 1794 820 ἐριδούπων
1852 757 2001 814 1⁶50,
2053 772 2160 803 nam
2195 772 2371 805 versus
2419 757 2460 804 Ω
2490 756 2602 825 ,323

221 850 277 898 ἐκ
308 848 353 897 δ’
387 848 531 898 ἔλασε
566 848 818 911 προθύροιο
869 847 946 896 καὶ
988 847 1214 913 αἰθούσης
1262 847 1513 910 ἐριδούπου
1548 864 1614 898 ex
1648 865 1676 896 ο
1718 848 1812 898 146
1865 847 1975 896 sive
2035 848 2123 898 191
2178 862 2452 913 expressus
2505 854 2601 897 est.

222 940 431 990 Possum
467 940 603 1007 plura
637 938 829 1000 afferre,
865 938 956 989 sed
992 956 1127 989 usum
1164 937 1511 1004 adjectivorum
1550 940 1609 990 ab
1645 956 1734 988 usu
1771 938 2182 989 substantivorum
2216 937 2450 1004 pendere,
2476 940 2597 988 affa-

217 1030 297 1079 tim
337 1030 714 1081 demonstrasse
755 1028 865 1078 mihi
903 1011 1088 1080 videor.
1154 1024 1157 1027 ⁴

354 1167 405 1214 lu
443 1163 770 1215 recensendis
806 1164 1059 1215 vocabulis
1095 1165 1386 1227 Homericis,
1421 1181 1546 1231 quae
1581 1166 1628 1215 iu
1665 1166 1759 1216 hoc
1805 1182 1963 1230 genus
2009 1164 2189 1215 cadunt
2223 1167 2285 1215 ab
2319 1165 2383 1215 iis
2418 1165 2598 1214 initium

220 1256 392 1306 faciam
430 1272 579 1323 quae
615 1254 832 1305 bellum
887 1263 942 1305 et
996 1271 1229 1322 pugnas
1281 1256 1593 1321 omniaque
1640 1256 1858 1323 pugnis
1911 1264 1969 1307 et
2022 1256 2193 1307 bello
2238 1254 2598 1306 accidentia

221 1347 623 1412 significant:
685 1361 879 1411 quorum
916 1345 1147 1412 pleraque
1182 1346 1322 1396 Iliadi
1355 1346 1549 1414 propria
1589 1354 1639 1397 et
1671 1347 1934 1414 peculiaria
1955 1363 2076 1397 esse
2099 1352 2481 1397 consentaneum
2501 1354 2596 1396 est.

221 1438 397 1486 Horum
432 1436 482 1484 id
519 1435 647 1501 quod
683 1436 840 1485 omnia
875 1452 1137 1502 pugnarum
1172 1453 1357 1502 genera
1401 1436 1769 1503 comprehendit
1805 1439 1936 1502 μάχη
1982 1454 2011 1485 a
2055 1453 2280 1487 sermone
2324 1435 2596 1502 Odysseae

219 1526 406 1576 minime
441 1527 625 1576 abesse
661 1543 808 1593 supra
844 1525 960 1588 dixi,
997 1526 1091 1590 sed
1124 1527 1299 1577 absunt
1333 1529 1605 1594 composita
1639 1528 1977 1591 ἀγχέμαχος
2006 1529 2054 1589 4,
2088 1528 2122 1577 0
2174 1533 2226 1577 et
2261 1527 2593 1591 ἀγχιμαχη-

220 1619 317 1681 τής·
347 1618 465 1679 7,ος
502 1616 721 1682 quoniam
758 1617 891 1666 viros
928 1618 1142 1667 cominus
1160 1624 1440 1685 pugnantes
1458 1618 1748 1668 memorandi
1773 1618 1837 1668 ibi
1872 1618 2002 1667 nulla
2036 1618 2239 1668 occasio
2276 1625 2370 1668 est.
2439 1618 2594 1666 Multo

217 1706 428 1759 rariores
464 1723 599 1774 quam
630 1708 763 1775 μάχη
796 1707 844 1758 in
881 1707 1118 1776 Odyssea
1153 1724 1245 1760 eae
1292 1724 1446 1760 voces
1493 1714 1628 1772 sunt,
1680 1725 1801 1776 quae
1844 1715 2008 1760 certas
2051 1707 2283 1775 quasdam
2326 1724 2595 1776 pugnarum

217 1798 419 1865 species
455 1799 536 1849 vel
571 1798 830 1866 qualitates
866 1798 1096 1863 indicant,
1130 1799 1262 1851 velut
1299 1801 1501 1867 ὑσμίνη
1538 1804 1677 1868 cujus
1723 1800 1944 1852 Seberus
1985 1800 2183 1867 triginta
2226 1815 2323 1851 sex
2367 1800 2596 1867 exempla

218 1908 282 1939 ex
319 1890 472 1941 Iliade
507 1870 760 1953 attulit‚'in
798 1890 1033 1958 Odyssea
1070 1909 1164 1941 non
1210 1892 1450 1943 invenitur
1483 1892 1576 1943 nisi
1612 1893 1658 1942 in
1710 1893 1822 1943 loco
1858 1892 2021 1960 spurio
2056 1890 2165 1941 libri
2215 1890 2458 1942 undecimi
2492 1893 2597 1943 612

217 1982 315 2044 (ubi
351 1982 496 2048 signa
530 1983 576 2032 iu
612 1982 842 2033 Herculis
879 1983 1041 2034 balteo
1076 1984 1252 2035 iisdem
1303 1984 1411 2035 sere
1463 1985 1629 2035 verbis
1665 1984 1998 2044 describuntur
2049 1999 2173 2049 quae
2224 1982 2271 2032 in
2326 1983 2594 2048 theogonia

218 2072 490 2124 Hesiodica
524 2074 623 2124 228
660 2073 892 2134 redeunt]
930 2082 981 2124 et
1013 2074 1061 2123 in
1098 2075 1342 2140 colloquio
1378 2067 1509 2127 Ulixi
1546 2092 1651 2126 cum
1693 2075 2060 2142 Agamemnonis
2095 2074 2260 2123 umbra
2292 2073 2470 2124 ibidem
2490 2076 2591 2124 416

215 2163 311 2224 (ἐνὶ
345 2167 551 2229 κρατερῇ
585 2165 787 2230 ὑσμίνῃ).
885 2163 988 2215 Sed
1040 2165 1250 2232 σταὸίη
1284 2167 1332 2228 5,
1369 2170 1401 2216 0
1472 2166 1600 2232 quod
1653 2166 1699 2214 in
1744 2164 1897 2215 lliade
1948 2165 2024 2215 bis
2075 2165 2129 2214 N
2178 2164 2295 2225 314,
2330 2166 2431 2216 713
2485 2182 2592 2215 cum

218 2253 380 2320 ὑσμίνη
450 2257 754 2322 conjunctum
807 2262 883 2306 ter
948 2254 1162 2323 elliptice
1215 2256 1421 2323 positum
1491 2265 1608 2319 est,
1687 2256 1733 2305 in
1801 2255 2037 2324 Odyssea
2097 2258 2278 2305 frustra
2331 2256 2589 2322 quaeritur.

215 2344 256 2392 X
265 2345 415 2410 άρμη
449 2344 551 2395 illic
586 2345 743 2396 vicies
779 2345 854 2395 bis
889 2345 970 2396 hic
1004 2346 1050 2394 in
1091 2362 1185 2395 uno
1229 2346 1536 2397 hemisticbio
1570 2346 1691 2396 X73
1726 2347 1841 2394 ἀλλὰ
1879 2347 2167 2412 μνησώμεθα
2196 2347 2387 2412 χάρμης
2403 2347 2593 2413 reperi-

216 2439 307 2496 tur,
336 2433 461 2499 quod
499 2449 606 2485 cum
641 2435 855 2503 plurimis
889 2435 1000 2486 aliis
1037 2450 1102 2487 ex
1136 2435 1399 2488 imitatione
1421 2436 1588 2487 lliadis
1623 2437 1669 2487 in
1706 2437 1799 2489 boc
1819 2452 2009 2488 carmen
2028 2436 2177 2487 fluxit.
2246 2435 2438 2486 Eadem
2470 2437 2590 2486 ratio

217 2525 262 2575 in
298 2541 459 2575 eorum
488 2515 828 2577 vocabu'lorum
865 2544 953 2578 usu
985 2526 1199 2590 obtinuit,
1236 2544 1389 2595 quae
1426 2527 1725 2579 tumultum
1749 2526 2029 2579 bellicum
2067 2526 2450 2593 significant.
2497 2526 2591 2576 Ko-

216 2616 428 2677 δοιμός·
471 2616 518 2676 7,
555 2619 588 2668 0
623 2616 917 2680 κυδοιμέω
952 2617 999 2680 2,
1035 2621 1067 2670 0
1113 2619 1295 2682 μόθος
1324 2620 1374 2681 5,
1407 2620 1443 2669 0
1478 2618 1684 2675 κλόνος
1712 2619 1760 2680 8,
1795 2622 1826 2669 0
1861 2617 2075 2667 κλονέω
2117 2618 2191 2676 16,
2226 2618 2285 2678 03
2316 2618 2595 2683 ’κόναβος

213 2723 308 2756 non
345 2706 582 2773 reperitur
616 2708 711 2757 nisi
746 2725 840 2758 uno
877 2709 1046 2759 Iliadis
1081 2710 1193 2760 loco
1248 2709 1295 2758 K
1339 2710 1454 2771 122,
1494 2710 1761 2777 κοναβέω
1796 2709 1903 2759 sive
1940 2709 2233 2775 κοναβίζω
2267 2716 2486 2774 septem;
2524 2725 2590 2757 ex

218 2796 455 2863 Odyssea
491 2797 715 2850 Seberus
752 2798 847 2849 duo
883 2800 1440 2874 exempla-affertx399
1469 2820 1504 2864 ρ
1523 2802 1637 2860 542,
1673 2799 1831 2851 sedin
1853 2799 2042 2851 decimo
2064 2799 2184 2849 libro
2203 2797 2352 2848 hodie
2373 2800 2589 2863 κανάχιζε

215 2888 436 2953 legimus.
508 2885 737 2939 Ceterum
774 2906 841 2938 κα
854 2891 994 2954 ναχή
1011 2890 1060 2953 3,
1087 2892 1105 2941 Ι
1147 2899 1196 2941 et
1231 2891 1462 2957 καναχίζω
1497 2891 1606 2942 sive
1642 2890 1909 2954 καναχέω
1933 2891 1975 2952 1,
2006 2890 2037 2939 2
2071 2887 2243 2939 eadem
2264 2888 2371 2939 fere
2394 2904 2588 2956 propor-

216 2981 347 3030 tione
382 2978 431 3028 in
468 2985 669 3046 utroque
706 2979 913 3030 carmine
948 2980 1261 3034 inveniuntur.
1335 2984 1479 3033 Haec
1523 2982 1676 3031 omnis
1721 2980 2052 3047 discrepantia
2087 2979 2200 3046 quin
2221 2995 2288 3029 ex
2325 2979 2590 3045 argumenti

329 3224 370 3276 ¹)
400 3218 524 3262 Duos
553 3212 668 3259 locos
697 3231 723 3260 o
757 3216 849 3267 146,
885 3217 960 3260 191
994 3216 1178 3262 Seberus
1207 3218 1313 3262 falso
1342 3217 1482 3275 posuit
1513 3216 1590 3260 sub
1622 3215 1894 3274 ἐρίγδουπος.
